5217 6075
335 1800 341 1809 ’
394 1729 408 1828 ¹·
473 1828 476 1833 .
530 1732 661 1871 Quintp
687 1772 813 1844 abbinc
837 1714 932 1839 anno
955 1766 1212 1837 Leonardns
1234 1764 1517 1854 Spengelius,
1551 1768 1606 1833 vir
1632 1752 1907 1859 ,illustrissimus
1934 1742 2111 1833 sodalibus
2137 1766 2311 1840 seminarii

359 1888 609 1978 Monacensis.
624 1887 784 1963 Lucretii,
810 1890 962 1957 carmina
992 1883 1197 1954 illustranda
1232 1890 1269 1949 et
1309 1882 1525 1950 emendanda
1540 1883 1750 1970 proposuit,
1791 1880 1912 1969 quibus
1936 1880 2084 1959 scholis
2111 1898 2311 1966 quamquam
2376 1904 2380 1913 ·

235 2001 240 2015 ’
362 2020 495 2073 summo
515 2003 636 2072 studio
654 2001 818 2087 interlui,
846 2004 960 2069 minus
984 2008 1101 2071 tamen
1124 1998 1207 2087 inde
1232 1996 1372 2065 fruetus·
1395 2000 1494 2085 cepi,
1509 2001 1635 2085 quippe
1660 1999 1759 2064 cuius
1785 1998 1880 2063 vires
1906 1995 1950 2063 ad
1975 1991 2163 2079 difficillimi
2190 2002 2312 2083 poetae

361 2116 488 2205 piacita
510 2132 553 2186 ac
585 2118 781 2186 sententias
806 2113 1012 2203 explicanda
1037 2112 1191 2181 nondum
1216 2113 1316 2180 satis
1335 2107 1556 2180 confirmatae
1589 2119 1721 2179 essent.
1773 2108 1892 2206 ltaque
1924 2130 2002 2177 cunr
2034 2110 2115 2205 mihi
2146 2108 2310 2177 Berolino

292 2246 298 2253 ·
360 2230 478 2301 reduci
499 2231 652 2319 benigna
669 2229 809 2298 forulus
824 2229 1073 2296 suavissimum
1091 2230 1327 2333 praeceptoris
1346 2228 1460 2313 optimi
1486 2230 1697 2295 consortium
1721 2226 1937 2307 reddidisset,
1965 2198 2045 2313 quid
2070 2226 2150 2295 milri
2178 2228 2310 2313 gratius

361 2341 437 2415 lars·
462 2350 582 2441 poturit
609 2366 710 2434 quam
735 2345 827 2433 quod
851 2344 912 2412 ille
936 2342 1019 2411 ιιιιιιι
1044 2349 1080 2409 et
1111 2342 1280 2430 collegae
1299 2344 1586 2425 coniunctissimo
1611 2339 1765 2407 Antonio
1792 2338 2019 2433 Linsmayero
2044 2324 2238 2424 concessit,
2260 2346 2311 2405 -ιιι

187 2470 195 2479 “
278 2442 302 2504 s
361 2460 542 2529 nobiscum
567 2468 641 2527 tres
666 2461 877 2547 posteriores
903 2455 1055 2526 Lucretii
1086 2454 1193 2524 libros
1219 2450 1441 2542 perlegeret?
1501 2450 1618 2540 Qua
1610 2473 1644 2521 ιιι
1677 2474 1716 2523 re
1752 2474 1830 2523 cum
1863 2460 1899 2521 et
1934 2431 2112 2549 spectatus
2145 2456 2334 2541 magister.

360 2571 462 2639 nobis
486 2572 680 2639 rudioribus
705 2572 871 2639 tironibus
896 2579 1025 2639 rectam
1051 2570 1247 2657 explicandi
1272 2568 1545 2655 emendantique
1571 2573 1664 2637 viam
1690 2563 1911 2653 monstraret,
1944 2578 1979 2636 et
2004 2571 2039 2635 in
2065 2572 2190 2651 vicem,
2229 2568 2308 2655 quill
2353 2552 2362 2565 ¹

362 2688 508 2774 quisque
547 2687 710 2769 sentiret,
753 2689 790 2751 ιιι
825 2685 974 2753 medium
1013 2683 1264 2772 proferremus,
1303 2703 1437 2750 summa
1479 2682 1702 2753 admiratione
1740 2703 1860 2751 musac
1894 2680 2123 2763 Lucretianae
2161 2685 2207 2749 ιιι
2242 2682 2309 2749 im-

361 2803 447 2891 pleti
473 2820 606 2885 sumus,
631 2807 670 2867 ut
694 2803 877 2869 ιιιιιιιιιιιιιιι
909 2800 1058 2868 studium
1097 2797 1313 2893 explicandis
1347 2792 1640 2883 emendandis'que
1674 2799 1881 2867 carminibus
1915 2798 2210 2885 impenderemus,
2245 2816 2312 2884 qua

362 2918 398 2983 ιιι
443 2935 527 2995 eura
571 2934 660 3002 quae
701 2918 778 3001 ipse
815 2914 898 2983 mibi
937 2922 1032 2982 recte
1071 2904 1216 2986 vidisse
1246 2913 1369 2981 videor
1410 2914 1476 2981 iam
1522 2911 1677 2999 prolerre
1715 2911 1876 2979 conabor.
1942 2910 2054 3005 'lanta
2105 2915 2198 2983 enim
2236 2909 2313 2979 Lu·

236 3021 241 3029 ⁸
346 3015 490 3100 vcretius
523 3037 598 3098 arte
630 3047 800 3101 versuum
841 3029 1101 3119 pangendorum
1139 3028 1262 3115 pollet,
1309 3034 1404 3112 tanta
1443 3030 1617 3096 suavitate
1658 3026 1740 3112 utile
1778 3045 1856 3096 curn
1894 3024 1985 3098 dulei
2014 3028 2208 3144 cquiunxit,
2241 3034 2310 3096 tam
2382 3012 2385 3019 ’

361 3144 557 3212 luculenter
582 3151 619 3210 et
642 3144 758 3230 lepide
783 3165 853 3230 res,
886 3164 988 3232 quae
1001 3153 1121 3210 natura
1145 3137 1242 3227 liunt,
1269 3151 1351 3210 ante
1376 3143 1498 3212 oeulos
1524 3142 1624 3209 nobis
1650 3144 1756 3229 ponit,
1781 3151 1838 3262 ut,
1873 3144 1903 3222 si
1931 3145 2007 3228 quis
2041 3105 2147 3226 alius,
2182 3141 2309 3230 dignus

321 3360 323 3369 Ι
362 3275 447 3342 esse
484 3256 663 3341 videatur,
696 3260 754 3343 qui
788 3267 929 3328 aeterna
957 3256 1093 3341 fronde
1126 3265 1268 3346 ornatus
1304 3255 1435 3324 lloreat.
1502 3252 1576 3323 Sed
1618 3253 1796 3341 quoniam
1821 3258 1973 3344 ineptum
2011 3257 2095 3324 illud
2133 3275 2311 3326 commen·

360 3367 455 3437 tandi
490 3389 625 3456 genus,
657 3373 748 3458 quod
784 3375 912 3452 secuti:
951 3369 1186 3459 quambene!
1213 3392 1321 3458 quarn
1358 3369 1517 3460 pulchre!
1554 3371 1791 3444 exclamantes
1829 3375 2025 3460 interpretis
2062 3369 2177 3454 officio
2203 3375 2319 3442 satis-⁴

360 3482 493 3552 fecisse
537 3487 602 3552 sibi
646 3485 871 3585 videbantur,
911 3487 1039 3554 saniori
1082 3505 1125 3553 ao
1165 3486 1384 3554 fructuosiori
1425 3489 1550 3554 rationi
1591 3490 1716 3570 cessit,
1751 3488 1900 3555 lectores
1945 3487 2119 3556 laudarldo
2158 3485 2312 3556 Lucretii
2361 3495 2367 3510 ’
2426 3471 2436 3478 ’

363 3601 518 3666 virtutes
539 3599 632 3668 baud
658 3560 834 3670 morabor:
873 3595 941 3690 ipsi
966 3600 1096 3669 iontem
1111 3573 1289 3681 accedant
1314 3609 1350 3668 et
1375 3603 1603 3688 incorruptam
1629 3599 1709 3672 inde
1743 3586 1915 3691 lympham
1949 3599 2126 3683 hauriant3
2162 3609 2310 3690 egomet,

342 3716 394 3789 si
420 3711 500 3800 quid
526 3711 652 3781 alierre
678 3717 819 3802 possim,
843 3729 911 3800 quo
935 3712 1053 3782 lantes
1079 3721 1196 3784 textus
1222 3700 1388 3784 Lucretii
1399 3711 1559 3804 aperiam,
1586 3717 1793 3783 sententias
1804 3716 1985 3802 illustrem,
2013 3716 2137 3802 menda
2150 3717 2311 3810 denique

303 3863 306 3873 ·
364 3827 538 3914 expellam
564 3847 719 3915 veraque
751 3830 946 3913 restituam,
975 3828 1046 3901 hac
1078 3807 1365 3898 commentatione
1398 3830 1625 3918 periclitabor.
1678 3824 1890 3916 Quamquam
1928 3832 2066 3896 omnino
2098 3830 2164 3898 hoc
2197 3831 2312 3898 dicere

328 4005 332 4010 .
365 3941 657 4028 supersedissem,
683 3943 751 4009 nisi
776 3941 934 4010 viderem
958 3963 1052 4027 esse,
1079 3945 1135 4030 qui
1160 3951 1229 4010 tam
1248 3963 1425 4030 perverso
1450 3942 1574 4010 iudicio
1583 3945 1810 4031 abripiantur,
1828 3933 2075 4033 utpbilologos
2088 3946 2312 4012 litterularum

337 4055 569 4142 apicumque
593 4077 700 4124 causa
725 4066 885 4146 auctores
911 4054 1056 4132 Latinos
1082 4054 1305 4167 Graecosque
1336 4058 1528 4146 perlegere
1553 4065 1587 4122 et
1619 4054 1683 4122 sibi
1717 4050 1890 4145 fingant
1886 4067 1922 4126 et
1956 4059 2034 4127 aliis
2068 4035 2311 4146 persuadeant

315 4251 321 4258 Ι
366 4162 475 4235 Sed
465 4189 541 4278 rpse
567 4172 815 4257 sapientissimi
845 4173 1016 4259 cuiusque
1043 4160 1253 4293 sententiam
1284 4183 1428 4241 secutus
1462 4170 1523 4240 de
1539 4172 1638 4260 tulgi
1670 4171 1875 4243 clamoribus
1910 4173 2056 4244 secur'us
2082 4177 2175 4276 viam
2200 4194 2312 4248 meam

364 4298 563 4369 persequar.

534 4390 621 4464 Cum
646 4395 798 4466 Lucretii
824 4379 973 4466 carmina
995 4409 1066 4466 tarn
1091 4399 1149 4466 diu
1176 4421 1197 4466 a
1222 4399 1409 4487 philologis
1434 4400 1593 4488 neglecta
1617 4403 1817 4486 innuissent,
1833 4405 2081 4470 recentissimis
2100 4397 2310 4496 temporibus

366 4498 532 4578 inventus
560 4515 697 4599 estqui
722 4521 790 4580 tam
794 4517 992 4614 egregiam
1018 4535 1158 4602 operam
1183 4517 1219 4581 ιιι
1245 4514 1469 4601 emendandis
1494 4524 1597 4602 atquo
1612 4513 1825 4602 explicandis
1840 4511 2049 4582 difficillimis
2066 4514 2171 4633 huius
2187 4522 2311 4602 poetae

363 4626 451 4694 locis
476 4632 633 4709 navaret,
660 4634 698 4692 ut
720 4644 813 4694 unus
839 4647 973 4712 omnes,
1000 4633 1055 4716 qui
1081 4625 1169 4697 ante
1189 4651 1268 4698 eum
1288 4630 1402 4703 eidem
1419 4633 1576 4717 scriptori
1595 4644 1733 4718 operam
1746 4619 1996 4718 impenderunt,
2009 4605 2115 4718 longe
2129 4609 2310 4718 superarit.
2383 4605 2390 4648 ³

364 4732 480 4825 Atque
507 4742 651 4827 primum
675 4741 742 4809 boc
767 4746 905 4811 nomine
918 4741 1219 4814 Lachmannus
1244 4745 1287 4816 de
1301 4740 1464 4810 Lucretio
1479 4746 1609 4832 optime
1627 4747 1768 4837 meritus
1795 4753 1860 4830 est,
1889 4745 1978 4847 quod
2004 4745 2137 4813 abiecto
2163 4746 2309 4834 molesto

367 4854 520 4921 codicum
546 4863 775 4945 correctomrn
800 4857 956 4926 manibus
982 4867 1216 4950 corruptorum
1241 4879 1349 4926 onere
1375 4858 1482 4924 verba
1508 4867 1631 4946 poetae
1657 4829 1699 4926 ad
1725 4868 1851 4930 certam
1878 4879 2029 4928 normam
2047 4859 2184 4926 reduxit
2185 4867 2309 4947 ,atque

299 5033 302 5038 .
363 4970 468 5051 ιιιιιιι,
493 4970 586 5036 unde
611 4933 763 5037 Lucretii
797 4973 947 5039 carmina
981 4973 1024 5039 ad
1053 4961 1220 5041 nostram
1244 4974 1441 5040 memoriam
1473 4975 1738 5064 pervenissent,
1771 4973 1875 5060 plane
1902 4974 2043 5060 aperuit.
2096 4969 2308 5062 Quamquam
2389 4969 2396 4984 '

353 5083 497 5150 'enim
488 5101 554 5148 ram
587 5088 690 5150 autea
728 5086 794 5151 viri
826 5085 1006 5154 clarissimi
1038 5083 1282 5182 Madvigius
1317 5089 1351 5154 ιιι
1386 5091 1672 5180 commentatione
1711 5075 1791 5173 „De
1825 5089 1955 5175 aliquot
1987 5089 2121 5159 lacunis
2155 5089 2308 5156 codicum

364 5195 540 5267 Ιιιίιιιιιιιι
565 5189 756 5302 ιιιοθιιιιιιι.
781 5199 876 5268 acad.
903 5201 984 5272 tomi
1009 5197 1037 5284 1,
1055 5221 1095 5288 p.
1120 5201 1196 5274 ³05
1221 5223 1295 5291 sqq.
1322 5203 1479 5291 repetita,
1506 5209 1541 5270 et
1566 5199 1832 5288 Bernaysius
1867 5204 1903 5269 in
1937 5203 2180 5272 dissertatione
2212 5221 2307 5269 novo

1884 5307 1931 5386 ¹0
