5217 6075
2193 674 2251 752 ar

295 824 425 955 ιιψι
452 858 607 934 eausa
647 860 744 953 quac
777 860 869 931 aa·
907 838 1038 931 raam
1081 848 1158 954 rra
1192 872 1272 928 am
1298 836 1436 928 'amen
1468 864 1674 933 aarum
1705 868 1743 935 a
1775 816 2049 962 murreum
2082 868 2136 961 v,
2167 872 2245 947 rar
2313 952 2316 957 ,

157 1036 163 1044 .
297 984 466 1074 repetitus
491 980 629 1071 legitur,
653 998 733 1049 cnm
757 978 880 1047 similis
904 966 960 1045 sit'
975 965 1084 1045 causa
1105 992 1272 1043 versuum
1295 971 1362 1055 tv,
1386 973 1460 1048 tte
1487 996 1559 1065 sq:

664 1112 799 1211 srr'grra
821 1120 863 1182 at
886 1126 914 1183 a
897 1100 1071 1209 fluuius,
1095 1102 1206 1181 color
1228 1106 1277 1181 ab
1301 1108 1391 1198 aule,
1413 1120 1543 1183 autur
1565 1110 1613 1185 ab
1639 1108 1749 1187 abdia

578 1228 852 1328 aequm
872 1243 1020 1298 mm
1028 1244 1246 1297 mmm
1267 1223 1386 1295 loturo
1411 1230 1564 1301 ceream.
1696 1228 1704 1239 ”

296 1372 375 1444 llos
401 1376 492 1443 enirn
516 1394 657 1460 versus,
683 1358 884 1478 quamquam
907 1364 973 1456 Vl,
998 1364 1074 1439 tte
1099 1389 1150 1457 sq.
1186 1372 1361 1455 iterantur,
1378 1350 1622 1442 recludendus
1648 1346 1731 1444 esse
1756 1377 1874 1444 mirum
1901 1387 1957 1447 est
1980 1386 2153 1451 neminem
2178 1384 2244 1452 ad-

296 1474 365 1561 ime
387 1484 533 1558 vidisse.
560 1478 721 1575 Namque
745 1504 804 1553 res
836 1489 871 1553 iu
904 1487 947 1551 iis
972 1491 1190 1555 enumeratas
1215 1489 1253 1552 in
1277 1478 1419 1553 edurum
1451 1504 1638 1560 numerum
1660 1488 1793 1556 referre
1823 1510 1949 1558 nemo
1944 1494 2078 1581 volet,
2110 1516 2179 1573 uec
2211 1492 2245 1565 si
2328 1514 2332 1523 ·

229 1632 237 1643 ¹
279 1613 398 1693 poeta
432 1619 577 1691 corpora
586 1595 654 1671 a'd
685 1616 828 1679 omnes
842 1616 971 1668 sensus
1006 1595 1087 1665 ierrl
1122 1598 1200 1666 aliis
1231 1596 1401 1687 exemplis
1435 1603 1521 1666 satis
1553 1601 1768 1671 incommode
1803 1604 1947 1691 probare
1972 1608 2165 1695 volrrisset,
2200 1628 2247 1678 aa

297 1716 454 1785 rectruda
484 1716 551 1784 sed
582 1693 642 1782 aut
670 1716 780 1803 primu
811 1721 871 1781 ant
903 1713 1024 1780 ultimo
1054 1712 1207 1781 membro
1238 1710 1430 1778 adiicienda
1461 1708 1568 1779 erant.
1620 1710 1713 1784 Sunt
1744 1726 1857 1785 autem
1882 1720 1932 1787 illi
1957 1740 2086 1789 versus
2111 1724 2153 1790 lis
2178 1723 2247 1791 ad·

295 1829 523 1918 numerandis
516 1851 623 1918 quos
648 1826 833 1897 Lueretius
859 1824 902 1896 ad
927 1828 1116 1913 marginem
1151 1824 1300 1912 exempli
1327 1824 1524 1947 adscripsit,
1557 1845 1624 1894 nec
1648 1834 1785 1917 tempus
1809 1842 1932 1901 nactus
1959 1843 2033 1921 est,
2070 1855 2134 1905 eos
2165 1840 2243 1905 cuin

163 1958 172 1972 ⁸
295 1946 428 2069 reliquo
453 1928 603 2069 carmine
631 1941 863 2010 consociandi.

462 2136 526 2230 Ν,
550 2137 623 2217 tue
636 2161 710 2229 sqq
748 2134 823 2209 Vix
846 2074 919 2203 ullo
944 2135 1024 2204 loco
1048 2156 1214 2205 vemuum
1238 2136 1324 2205 urdo
1348 2136 1461 2223 magis
1485 2138 1701 2225 perturbante
1727 2150 1793 2240 est²
1820 2148 1923 2231 quani
1946 2148 1981 2211 in
2007 2150 2120 2249 priore
2145 2154 2243 2236 parte

293 2254 370 2325 libri
394 2257 514 2343 quarti.
553 2253 640 2323 Sed
666 2270 867 2341 quamquam
889 2251 928 2317 in
950 2250 1074 2319 ordine
1096 2254 1241 2341 pristino
1264 2250 1482 2321 restituendo
1508 2256 1640 2343 egregii
1665 2260 1831 2343 acuminis
1856 2262 2045 2347 specimina
2068 2258 2242 2332 Marullus
2337 2304 2360 2343 ·‚

294 2368 338 2440 ad
362 2369 476 2441 111-
492 2367 544 2441 te
568 2376 604 2437 et
628 2364 818 2435 lmmbimra
842 2362 886 2434 ad
913 2362 1048 2459 122-
1067 2364 1148 2435 tlt
1164 2363 1356 2454 ediderunt,
1382 2364 1534 2433 nondum
1567 2374 1681 2437 umen
1713 2390 1771 2467 res
1803 2373 1961 2451 omnibus
1992 2378 2144 2445 numeris
2176 2378 2241 2487 ab·-

294 2484 409 2553 soluta
433 2482 581 2551 mdeuu.
629 2480 687 2551 Ac
711 2484 854 2571 primum
879 2454 982 2549 facile
1007 2487 1064 2549 est
1087 2478 1265 2547 intellectu
1283 2477 1509 2581 vv.174sq
1536 2502 1696 2577 quomam
1722 2482 1902 2581 pueritate
1924 2508 2019 2581 porr
2040 2492 2090 2558 ait
2114 2474 2245 2581 imagp

293 2590 422 2669 &cere
444 2595 589 2668 nemost
614 2588 698 2679 aar
705 2595 863 2709 mila·
880 2603 997 2688 araque
1025 2612 1110 2663 m
1140 2595 1330 2681 rationem
1353 2576 1515 2664 reddere
1539 2570 1651 2667 dariis
1674 2600 1716 2669 ud
1742 2605 1978 2688 quaestionem
2004 2606 2047 2673 de
2073 2608 2242 2677 tenuitate

293 2714 479 2801 imaginum
504 2736 540 2781 u.
569 2713 643 2787 tto
662 2714 822 2788 instituta
844 2714 1030 2799 pertinere,
1056 2732 1098 2779 ae
1122 2713 1337 2800 singulorum
1370 2714 1447 2780 eius
1481 2715 1530 2781 rei
1556 2724 1833 2801 argumentorum
1859 2702 2117 2787 conclusionem
2142 2738 2243 2789 com·

292 2826 407 2916 plecti.
459 2823 597 2895 Deinde
622 2832 765 2915 apparet
782 2826 929 2912 primam
954 2826 1193 2914 quaestionem
1218 2825 1263 2893 de
1287 2826 1455 2893 tenuitate
1480 2826 1519 2911 (1
1527 2826 1577 2899 te
1596 2828 1706 2916 sqq),
1740 2837 1776 2899 et
1800 2829 1942 2899 alteram
1967 2829 2011 2898 de
2036 2832 2143 2913 aeleri
2166 2836 2241 2909 orie

293 2942 376 3029 gine
401 2940 453 3031 (v.
483 2939 554 3013 145
578 2940 687 3029 sqq),
702 2946 705 2951 ’
722 2949 759 3009 et
792 2932 943 3009 tertium
957 2942 1001 3010 de
1032 2942 1219 3009 mobilitate
1251 2930 1510 3025 simulacrorum
1546 2942 1598 3029 (v.
1627 2941 1698 3013 tte
1723 2942 1814 3034 sqq.)
1848 2948 1917 3019 tam
1953 2952 2047 3015 arcte
2077 2947 2167 3015 inter
2198 2967 2242 3019 se

273 3055 491 3142 cohaerere,
507 3067 545 3126 ut
565 3077 627 3124 eas
643 3057 767 3125 alienis
781 3056 1041 3143 quaestionibus
1058 3065 1197 3146 upoeta
1215 3059 1423 3146 interruptas
1443 3062 1534 3125 esse·
1544 3077 1687 3145 prorsus
1712 3057 1911 3128 incredibile
1937 3043 1991 3126 sit
2041 3057 2241 3156 Praeterea,

291 3192 338 3240 ne
373 3192 515 3240 versum
549 3169 671 3243 127ἰ
701 3192 738 3237 v.
767 3170 838 3245 tta
875 3171 1069 3240 dirimamus
1110 3171 1202 3240 idem
1241 3172 1386 3240 verbnm
1416 3171 1558 3259 uagari
1595 3175 1630 3258 in
1671 3179 1816 3258 utroque
1849 3175 2029 3260 repetitum
2069 3173 2237 3260 probibet
2271 3216 2297 3263 q»
2363 3218 2369 3230 ,
2448 3261 2453 3273 Ι

292 3283 465 3378 Versibus
491 3285 640 3372 denique
667 3284 739 3356 127
764 3306 816 3374 sq.
842 3285 932 3382 quin
948 3285 1080 3380 potius
1104 3307 1238 3356 croscus
1262 3306 1391 3354 rerum
1415 3279 1619 3352 airnnlucro
1642 3287 1781 3376 rugari
1802 3280 1929 3354 Multa
1954 3280 2075 3356 modia
2098 3281 2239 3375 malim,
2267 3280 2273 3298 “
2327 3272 2344 3300 ”’

293 3392 399 3469 rioilo
422 3401 478 3494 οἱ,ἱ
499 3420 676 3497 cursuque
698 3419 807 3469 reare
841 3403 1101 3471 conclusionem
1127 3402 1340 3490 quaestionis
1367 3402 1409 3468 de
1436 3403 1600 3468 tenuitate
1622 3401 1810 3490 imaginum
1837 3420 1909 3469 non
1933 3403 2103 3470 contineri
2128 3405 2240 3475 verba

188 3505 213 3514 ’”
259 3495 413 3614 'oenus'
430 3517 662 3603 pensitantem
686 3533 757 3582 nou
782 3513 902 3603 fugiet.
955 3513 1032 3601 Quo
1058 3519 1161 3606 igitur
1186 3517 1272 3584 haec
1298 3517 1408 3584 verba
1433 3515 1636 3583 collocanda
1661 3513 1769 3585 sunt?
1815 3511 1989 3605 Equidem
2011 3537 2082 3586 nou
2107 3516 2240 3606 dubito,

292 3633 373 3719 quin
397 3631 518 3699 versui
544 3627 617 3702 102
636 3617 882 3718 'postponenda
907 3627 978 3697 sinl
1003 3633 1038 3698 et
1062 3649 1140 3697 eum
1161 3631 1299 3698 duobus
1325 3631 1609 3720 praecedentibus
1635 3631 1796 3699 versibus
1822 3633 2003 3700 coniuncta
2035 3631 2125 3700 hanc
2150 3649 2240 3700 sen·

230 3790 236 3801 .
291 3747 432 3846 tentiam
464 3738 633 3812 efficiant:
672 3735 753 3810 rulo
785 3736 1020 3838 querulorum
1055 3763 1235 3842 aequore,
1274 3751 1315 3812 ut
1352 3765 1422 3842 quo
1458 3737 1614 3813 crebrae
1650 3745 1831 3836 imagines
1868 3740 2071 3834 earundem
2106 3735 2240 3818 reram

179 3934 186 3948 ι
291 3859 525 3943 reir'ciarrtor,
553 3851 759 3933 armaturae
783 3879 911 3926 rernm
934 3853 1147 3927 redduntur·
1168 3866 1280 3956 atque
1306 3859 1605 3953 corrrpl‘cr'u‘rrtar,
1639 3855 1736 3928 unde
1767 3860 1945 3949 cogrrorcr'
1968 3865 2094 3954 poteri
2117 3857 2242 3932 multu

204 3966 720 4065 praetermeantem
743 3975 891 4062 rugari,
918 3993 986 4042 nec
1009 3980 1137 4042 tomen
1169 3993 1273 4041 cerna
1307 3974 1432 4060 (serram
1463 3972 1597 4057 curra).
1649 3975 1720 4045 lam
1746 3978 1921 4064 aptissime
1947 3974 2226 4046 adiiciu'vvutur

293 4087 439 4161 129-
465 4087 548 4174 110,
576 4087 699 4176 quibus
725 4088 958 4176 aliamsuper
983 4091 1175 4177 simulacra,
1203 4111 1289 4178 quae
1316 4089 1503 4192 spontem
1528 4091 1605 4178 ipsu
1632 4093 1712 4157 aere
1738 4097 1942 4176 naseuntur,
1982 4095 2103 4180 vagari
2134 4101 2237 4180 poeta

166 4220 170 4229 ’
291 4203 401 4273 docet
444 4200 489 4271 cf.
516 4198 580 4290 lii,
606 4200 691 4274 727
742 4201 829 4272 lude
854 4201 1037 4272 Lueretius
1070 4203 1113 4271 ad
1146 4204 1359 4272 subtiliorem
1390 4200 1434 4268 de
1465 4183 1670 4292 imaginibus
1704 4203 1889 4272 doctrinam
1922 4204 2120 4292 singillatim
2153 4225 2237 4292 per·
2270 4260 2275 4270 .

291 4319 500 4386 tractandam
526 4323 657 4406 pergit3
698 4340 738 4387 ac
762 4319 907 4408 primum
931 4319 1139 4408 imagines
1120 4319 1242 4387 subtili
1268 4325 1389 4386 natura
1414 4326 1575 4386 constare
1601 4318 1722 4404 probat
1746 4337 1807 4385 w.
1837 4318 1980 4390 110-
2008 4316 2079 4386 126
2105 4325 2140 4385 et
2166 4317 2241 4390 168

291 4471 335 4486 -
367 4430 458 4525 1⁷53
484 4443 555 4502 tum
581 4434 715 4501 demum
741 4433 784 4503 ad
809 4434 950 4502 alteram
975 4435 1151 4501 doetrinae
1177 4439 1308 4522 purtem
1334 4433 1456 4499 transit
1480 4453 1514 4500 v.
1543 4431 1623 4502 148.
1659 4429 1861 4500 ‘Decretum
1888 4439 2000 4498 autem
2024 4426 2167 4519 Epicuri
2193 4431 2238 4500 de

254 4549 259 4555 ’
292 4551 458 4616 tenuitate
478 4548 740 4617 simulacrorum
765 4549 899 4616 duobus
926 4553 1136 4637 argumentis
1163 4547 1294 4636 probat,
1322 4567 1462 4635 quorum
1487 4549 1582 4635 prius
1603 4565 1648 4613 ex
1665 4546 1780 4614 subtili
1798 4553 1833 4612 et
1848 4545 1978 4642 minuta
1995 4545 2236 4634 principiorum
2338 4553 2343 4560 '

290 4671 411 4730 natura
423 4670 598 4750 sumptum·
612 4670 667 4728 est
680 4681 821 4731 ruam
842 4665 876 4731 ai
901 4657 1008 4753 prima
1034 4684 1177 4750 corpora
1201 4664 1429 4732 minutissima
1454 4669 1546 4760 sunt,
1573 4645 1677 4729 etiam
1701 4662 1877 4729 tenuiores
1904 4659 2073 4748 imagines
2099 4659 2235 4729 illorum

290 4797 374 4844 esse
400 4776 536 4862 debent,
563 4775 607 4845 ci.
634 4773 694 4861 111,
720 4773 795 4846 ete
820 4798 911 4865 sqq.;
938 4777 1098 4846 subtilem
1124 4773 1237 4846 autem
1261 4777 1519 4867 primordiorum
1544 4785 1698 4846 naturam
1725 4793 1824 4859 esse,
1860 4775 1980 4840 iterum
2006 4811 2049 4822 —
2081 4771 2237 4845 tollenda

285 4890 382 4956 enirn
413 4901 467 4957 est
498 4911 669 4980 perversa
692 4887 835 4960 boehm.
868 4893 1109 4981 interpunctio,
1136 4892 1280 4980 vulgata
1304 4889 1517 4970 restituenda
1542 4929 1592 4944 ·-
1617 4889 1760 4958 strictim
1793 4895 1842 4978 et·
1862 4887 2113 4962 ex,brevitate
2147 4911 2237 4978 quo·

289 5006 442 5073 rumdam
467 5008 660 5075 animalium
687 5014 791 5075 etex
818 5009 983 5076 tenuitate
1015 5010 1118 5076 adimi
1145 5011 1347 5098 animaeque
1373 5007 1635 5074 demonstratur.
1686 5001 1811 5070 Altero
1838 5007 1950 5068 autem
1976 5011 2239 5092 argumentur
2278 5055 2281 5064 .
2346 5035 2353 5048 ·

290 5120 394 5189 rebus
420 5119 479 5187 illu
504 5121 763 5190 simulacrorum
787 5129 929 5187 naturae
954 5127 1124 5211 cognatis,
1143 5125 1185 5192 ab
1211 5125 1318 5192 odore
1345 5131 1380 5192 et
1405 5124 1559 5191 imbrium
1585 5121 1667 5188 utris
1694 5117 1815 5186 formis
1841 5113 2009 5206 proiecto,
2045 5119 2238 5205 simulacra,
2356 5208 2358 5219 y

289 5265 367 5340 cum
390 5236 629 5314 inaestimabili
654 5238 788 5304 ratione
811 5237 942 5304 minora
967 5237 1047 5337 sint,
1074 5239 1175 5308 etiam
1206 5239 1314 5309 multo
1337 5233 1525 5306 'subtiliora
1551 5254 1633 5304 esse
1664 5232 1911 5340 comprobatur.
1962 5227 2039 5299 Hac
2061 5239 2177 5350 autem
2198 5232 2239 5298 in
