5217 6075
403 620 416 654 b
469 594 472 601 .

374 657 424 733 ss
455 672 484 686 “’

378 827 494 925 eimad
510 823 724 944 penemiim
749 853 923 945 temporo
947 838 1064 922 reduc,
1076 840 1326 919 ctorellauc
1346 831 1581 948 difficultatem
1600 844 1852 935 simplicissime
1865 826 2119 920 removebimus
2136 833 2331 925 sarnensi
2377 886 2383 895 ·

377 990 415 1061 ιι.
441 966 516 1041 boo
539 960 625 1037 Ione
649 961 805 1062 quiduis.
841 962 1014 1034 Particula
1040 965 1131 1031 enim
1156 978 1247 1029 nara
1256 956 1457 1028 Lueretius·
1470 976 1609 1049 semper
1634 958 1678 1027 ad
1702 970 1842 1030 oo‘usam
1866 962 2106 1051 praecedentis
2132 971 2329 1042 sententiae

379 1082 594 1155 inserendam
617 1103 705 1151 usus
733 1090 798 1168 est,
823 1100 938 1167 neque
962 1080 1070 1147 ullum
1094 1080 1208 1147 locum
1238 1076 1343 1162 novi,
1379 1074 1436 1141 ubi
1470 1076 1516 1142 sit
1553 1074 1718 1161 particulo
1750 1078 1965 1146 transitionis
2000 1090 2139 1169 praeter
2167 1084 2261 1154 huuc
2294 1084 2331 1155 et

379 1196 442 1285 llI,
467 1186 565 1268 Θόθι
585 1215 677 1264 nom
692 1195 738 1261 'ei
757 1196 798 1262 in
822 1199 946 1262 morte
969 1184 1146 1270 malumst
1169 1179 1282 1260 molis
1302 1194 1504 1284 morsuque
1529 1184 1713 1281 seramom
1742 1179 1942 1280 stercori,
1958 1224 1960 1228 ·
1977 1215 2054 1265 non
2086 1198 2233 1270 invenio
2265 1202 2333 1297 poi

356 1296 456 1383 ¹non
486 1314 537 1381 rit
567 1304 743 1390 acerbum
769 1302 924 1401 Ignibus
955 1310 1169 1403 impositum
1194 1298 1331 1374 cotidie
1355 1310 1564 1389 torrescere
1577 1296 1762 1391 flammis.
1814 1290 1886 1375 ded
1911 1329 1988 1379 cum
2013 1314 2172 1385 confusio
2197 1319 2329 1385 utrius·

275 1494 280 1501 .
382 1448 449 1516 que
474 1423 736 1517 significationis
763 1448 784 1494 o
808 1428 931 1515 logicis
957 1427 1072 1513 operis
1097 1416 1328 1512 philosophici
1358 1418 1546 1487 rationibus
1571 1420 1673 1501 nimis
1689 1420 1885 1491 ahhonere
1910 1422 2079 1517 uideatur,
2105 1432 2165 1499 illo
2193 1444 2329 1527 quoqne

381 1542 461 1613 loco
488 1540 672 1621 emendare
698 1562 769 1609 non
795 1543 930 1610 dubito:
958 1540 1035 1609 iam
1059 1541 1102 1607 ri.
1147 1536 1204 1605 Ad
1219 1531 1481 1605 confirmandas
1506 1534 1655 1622 denique
1680 1534 1745 1605 has
1772 1538 1988 1608 coniecttnas
2015 1542 2141 1631 aliquid
2166 1548 2329 1633 praesidii

236 1676 242 1685 ³
383 1657 417 1724 ld
443 1654 559 1742 rien,
593 1657 682 1744 quod
715 1640 817 1723 simili
841 1652 959 1742 lapsu·
974 1652 1067 1724 cod?
1082 1650 1129 1721 Va
1166 1650 1237 1741 Ν,
1269 1652 1345 1725 tot
1369 1650 1474 1719 habet
1498 1670 1668 1747 nomque,
1694 1652 1752 1721 ubl
1778 1654 1814 1721 in
1839 1652 1937 1723 codd.
1965 1654 2086 1740 Leidd.
2114 1657 2209 1728 recte
2235 1662 2328 1729 r'om·
2413 1676 2417 1691 ·

328 1806 334 1815 ·
383 1789 453 1866 qne
477 1771 613 1870 legitur.

548 1978 576 2069 l,
601 1983 675 2055 599
732 1937 965 2076 temporeo
990 1972 1190 2075 quodcum
1215 1986 1270 2051 ert
1293 1984 1505 2055 extremum
1530 1975 1698 2102 qnodque
1722 1998 1900 2051 cacumen
1928 1932 1933 1939 -
1966 2032 1970 2039 .

642 2168 660 2188 -.
683 2096 895 2188 corporis
918 2086 1031 2186 ilium,
1058 2088 1161 2189 quod
1180 2089 1308 2162 nostru
1328 2109 1484 2162 eernere
1506 2112 1635 2162 aeneus

601 2242 625 2298 χ
722 2212 801 2278 icoo
824 2203 1019 2305 nequeunt,
1045 2202 1088 2274 id
1110 2208 1292 2275 ramirum
1315 2206 1395 2275 er'ne
1413 2202 1592 2301 pertidus
1605 2214 1733 2277 ectot.

462 2419 467 2427 Ι
540 2320 678 2409 Nescio
704 2362 750 2409 an
766 2342 819 2430 is,
847 2343 904 2427 qui
928 2340 1113 2408 lectionem
1139 2338 1237 2406 codd.
1264 2332 1367 2404 ι’·ΙΙιιιι
1391 2310 1499 2406 mutui
1524 2340 1559 2406 ln
1585 2332 1713 2423 ιιΙΙίιιι,
1747 2361 1881 2411 avers
1907 2334 2165 2431 argumentandi
2195 2346 2330 2414 ratione

382 2444 488 2524 valde
522 2447 689 2538 aberret3
716 2459 853 2525 collatis
878 2458 970 2524 enim
982 2474 1056 2523 vv.
1084 2452 1232 2526 tta—
1264 2453 1314 2524 52
1339 2448 1503 2542 Epicurei
1529 2460 1580 2548 sie
1605 2456 1795 2526 ratiocinati
1820 2476 1904 2523 esse
1928 2457 2107 2525 videntur:
2147 2462 2183 2529 iu
2208 2460 2328 2544 rebus,

385 2588 473 2658 quae
499 2572 584 2637 suh·
591 2590 720 2660 sensus
748 2570 889 2654 cadunt,
914 2572 1089 2636 minimum
1115 2570 1274 2657 quodque
1300 2576 1355 2637 est
1381 2578 1590 2652 extremorum
1625 2590 1708 2661 ergo
1734 2573 1770 2637 iu
1797 2572 2011 2676 corporibus,
2045 2592 2133 2662 quae
2167 2594 2237 2642 uon
2263 2576 2331 2641 ium

382 2685 560 2766 oculorum
585 2686 660 2751 acie
685 2680 781 2750 cerni
805 2690 971 2772 possunt,
1007 2690 1197 2750 extremum
1229 2702 1416 2769 cacumen,
1454 2681 1553 2772 quod
1569 2686 1704 2773 quidem
1730 2688 1897 2773 oculusque
1922 2688 2076 2775 corporis
2103 2708 2186 2756 esse
2211 2686 2344 2772 debeis

379 2798 521 2864 minima
544 2804 681 2864 constat
706 2797 828 2864 nutura
852 2818 919 2865 nec
943 2805 1060 2885 partes
1085 2798 1247 2930 includit3
1274 2798 1355 2865 inde
1381 2808 1523 2886 apparet
1548 2821 1662 2889 neque
1687 2798 1754 2868 hoe
1779 2803 1857 2869 loco
1882 2800 1967 2868 illud
1992 2795 2093 2869 ritum
2119 2823 2201 2871 esse
2226 2802 2329 2871 solll-
2336 2861 2348 2879 ,

383 2912 588 2996 citandum,
596 2910 717 2998 necl,
740 2911 813 2982 ⁷52
832 2914 951 2981 codici
960 2910 1008 2980 V
1032 2894 1231 2981 criminum
1253 2912 1455 3027 consistere
1477 2904 1587 2979 reduc
1613 2912 1788 2981 exhibenti
1815 2906 1915 3001 fidem
1942 2916 2183 3005 denegandum
2208 2937 2301 2985 esse
2352 2968 2354 2973 .

392 3121 406 3129 “
440 3146 443 3157 ·
549 3122 581 3212 l,
606 3127 677 3209 oei
731 3119 799 3194 Nil
819 3121 986 3218 referret
1010 3129 1110 3194 errim
1134 3101 1319 3222 quaedum
1343 3120 1532 3211 decedere,
1559 3121 1667 3196 odere

742 3247 854 3336 atque
878 3235 956 3308 otro
982 3236 1148 3310 attribui.
1204 3243 1211 3248 ⁴

547 3368 750 3459 Primordia,
777 3393 865 3458 quae
890 3375 932 3439 ob
958 3376 1036 3440 aliis
1062 3374 1166 3440 rebus
1193 3373 1375 3458 decedunt,
1409 3374 1495 3438 alies
1523 3391 1652 3461 augere
1684 3381 1786 3459 atque
1816 3373 1910 3442 ole're
1935 3371 2119 3462 Epicureis
2153 3353 2329 3466 placuisse

380 3494 437 3555 ine
461 3507 533 3554 nou
559 3489 738 3574 proeterit3
771 3477 888 3576 cell,
914 3485 963 3554 te
983 3488 1078 3576 sqq,
1105 3484 1151 3570 V,
1177 3485 1261 3558 822.
1314 3483 1364 3554 Αι
1387 3505 1458 3554 non
1485 3487 1599 3554 minus
1625 3487 1707 3555 mihi
1732 3488 1840 3574 liquet
1863 3488 1962 3556 iliam
1981 3490 2259 3557 vicissitudinem
2285 3487 2328 3554 ad

380 3602 475 3671 huno
499 3605 613 3669 locrrm
637 3619 709 3667 uon
734 3601 894 3685 atiinere,
921 3620 988 3687 quo
1020 3622 1078 3668 res
1114 3604 1362 3670 elementonrm
1393 3601 1485 3669 abitu
1518 3612 1576 3670 out
1610 3595 1703 3672 aditu
1739 3610 1797 3670 ιιιι
1831 3612 2021 3691 permutato
2056 3603 2176 3671 ordine
2206 3603 2329 3667 mutari
2385 3687 2390 3694 ⁶

375 3715 653 3816 demonstratum
675 3715 757 3784 vide
776 3735 838 3783 vv.
859 3711 908 3784 ii
921 3717 973 3802 iq
1023 3711 1111 3781 lnde
1135 3725 1230 3783 recte
1255 3717 1519 3783 correctorem
1509 3735 1546 3782 ιιι
1572 3717 1648 3784 eod.
1671 3713 1720 3783 V
1748 3709 1825 3785 olio
1851 3726 2005 3798 mutasse
2030 3719 2066 3782 iu
2091 3709 2171 3783 olcis
2195 3712 2329 3796 iudico;

379 3837 420 3896 ιιι
445 3837 586 3918 apparet
611 3850 657 3896 ex
681 3849 717 3897 v.
744 3827 820 3900 ooo
840 3847 950 3922 poree
975 3821 1124 3914 wdone,
1158 3822 1316 3922 demptis
1340 3829 1477 3922 poncio
1500 3822 1704 3926 periuroque
1736 3823 1904 3916 tributio,
1944 3821 2087 3897 Ordine
2117 3831 2260 3898 mutato
2294 3831 2330 3895 et

385 3951 489 4014 motu
505 3941 645 4038 facere
669 3948 773 4014 ciris
799 3967 925 4072 curuo.
1004 4013 1014 4034 ,
1127 3961 1133 3971 “

430 4155 438 4169 ’
559 4153 591 4244 l,
616 4159 691 4231 Μ
740 4153 913 4226 Primam
936 4154 1038 4252 quod
1059 4164 1183 4228 motus
1206 4152 1379 4254 exempto
1401 4151 1518 4246 reduc
1537 4140 1650 4229 tironi

686 4357 695 4371 α
742 4275 982 4358 constrictant,
1012 4281 1049 4342 et
1069 4293 1135 4342 ree
1151 4267 1283 4344 ‘moliri
1307 4277 1490 4370 rarusque
1513 4269 1740 4370 relinquent,

741 4391 847 4473 adro,
873 4383 1000 4476 colem,
1026 4390 1160 4479 r'goem,
1186 4396 1326 4475 terror,
1354 4385 1551 4479 oru'oaolio,
1568 4385 1716 4484 snoges.
1818 4371 1821 4378 ¹

443 4549 457 4559 ·
550 4518 702 4601 Lumina
725 4523 813 4590 solis
839 4542 916 4589 roro
942 4542 1085 4612 corpore
1110 4532 1271 4593 constare
1293 4521 1478 4592 Lucretius
1505 4519 1677 4624 doeetll,
1707 4519 1795 4594 108:
1822 4511 1914 4590 hoec
1939 4523 2034 4590 odra
2058 4539 2190 4589 rorum
2216 4508 2331 4608 Suffi-
2376 4565 2382 4574 ,

217 4687 225 4702 .
325 4714 329 4720 Δ
387 4639 490 4709 ciant
514 4629 622 4705 nodie
645 4641 683 4703 ct
705 4630 905 4738 splendido
930 4632 1074 4706 lumino
1096 4630 1211 4723 solia,-
1243 4661 1309 4708 uec
1341 4659 1450 4728 urgeo
1485 4637 1615 4705 lumine
1640 4639 1749 4722 solis,
1783 4657 1852 4705 non
1885 4637 2038 4706 solem
2028 4631 2141 4723 rp'sum
2165 4633 2226 4701 illo
2251 4631 2330 4700 loeo

382 4774 497 4822 rarum
522 4751 599 4821 dici.
650 4747 733 4834 Non
758 4753 873 4818 minus
898 4757 1011 4820 autem
1037 4764 1155 4844 aperte
1181 4759 1268 4824 solis
1293 4763 1468 4823 naturam
1453 4751 1624 4844 igneam
1635 4773 1718 4850 esse
1743 4763 1847 4842 poeta
1872 4757 1947 4820 curm
1968 4751 2059 4819 'salies
2084 4757 2154 4816 tum
2179 4743 2229 4836 V,
2255 4745 2330 4818 566
2418 4827 2421 4843 Ι

383 4878 459 4956 sqq.
486 4866 651 4953 declarat,
675 4864 770 4934 unde
794 4862 971 4937 coniicitur
997 4889 1040 4936 eo
1064 4869 1153 4977 loco,
1180 4869 1223 4938 de
1249 4889 1318 4957 quo
1344 4871 1497 4958 agimus,
1531 4841 1664 4935 duobus
1691 4868 1871 4938 vocabulis
1896 4858 2053 4932 solem·
2036 4881 2159 4952 ignem
2185 4859 2330 4932 eundem
2363 4941 2370 4952 ,

313 4967 320 4976 ’
360 5000 459 5061 ,rem
483 4975 680 5066 significari.
732 4976 807 5048 Sed
833 4982 1002 5051 accedunt
1026 4986 1204 5072 grauiora3
1230 4985 1428 5072 neutiquam
1454 4987 1544 5052 euim
1570 4987 1645 5052 veri
1672 4986 1783 5052 simile
1810 4973 2071 5051 esthircretium
2096 4990 2173 5047 ‘cum
2198 4978 2331 5061 reliquo
2385 4974 2396 4990 ‘

386 5098 559 5168 elementa
584 5105 804 5182 recenseret,
837 5095 871 5164 id
895 5096 963 5164 hoc
987 5099 1065 5168 loco
1091 5100 1389 5186 praetermisisse,
1429 5097 1471 5166 de
1506 5120 1572 5187 quo
1603 5101 1679 5188 ipsc
1712 5098 1797 5165 dixit
1831 5093 1869 5183 l,
1903 5093 2061 5176 terret
2092 5109 2176 5161 eum
2205 5079 2333 5156 moini

372 5228 506 5308 oquae
520 5201 656 5304 serim
679 5211 820 5276 notura
843 5215 1016 5304 repentc5
1040 5211 1084 5280 oi.
1103 5209 1155 5298 Π,
1177 5215 1251 5286 oto
1268 5207 1440 5282 mollitos
1463 5211 1583 5284 orodis.
1623 5191 1765 5284 Poetarn
1786 5233 1873 5282 vero
1893 5213 1961 5282 hoo
1982 5227 2117 5300 quoque
2130 5211 2209 5276 loco
2229 5211 2345 5294 quat-f
