<?xml version="1.0" encoding="UTF-8"?>
<!DOCTYPE html PUBLIC "-//W3C//DTD XHTML 1.0 Transitional//EN"
    "http://www.w3.org/TR/xhtml1/DTD/xhtml1-transitional.dtd">
<html xmlns="http://www.w3.org/1999/xhtml" xml:lang="en" lang="en">
 <head>
  <title>
</title>
<meta http-equiv="Content-Type" content="text/html;charset=utf-8" />
  <meta name='ocr-system' content='tesseract 3.04.00' />
  <meta name='ocr-capabilities' content='ocr_page ocr_carea ocr_par ocr_line ocrx_word'/>
</head>
<body>
  <div class='ocr_page' id='page_1' title='image "./quaestioneslucr00chrigoog_0010.png"; bbox 0 0 5217 6075; ppageno 0'>
   <div class='ocr_carea' id='block_1_1' title="bbox 172 648 2282 1059">
    <p class='ocr_par' dir='ltr' id='par_1_1' title="bbox 172 648 2282 1059">
     <span class='ocr_line' id='line_1_1' title="bbox 250 648 363 729; baseline 0.035 -3"><span class='ocrx_word' id='word_1_1' title='bbox 250 648 268 716; x_wconf 76' lang='grc'><strong>.’</strong></span> <span class='ocrx_word' id='word_1_2' title='bbox 328 648 363 729; x_wconf 64' lang='lat'>0</span> 
     </span>
     <span class='ocr_line' id='line_1_2' title="bbox 172 813 2282 952; baseline 0.012 -54"><span class='ocrx_word' id='word_1_3' title='bbox 172 937 182 952; x_wconf 88' lang='lat'><strong>.</strong></span> <span class='ocrx_word' id='word_1_4' title='bbox 281 813 2152 951; x_wconf 29' lang='lat' dir='ltr'><strong>3&#39;vr0239nm1npmmoummeffifflqllt&#39;fllffliucfflcmofwm!</strong></span> <span class='ocrx_word' id='word_1_5' title='bbox 2201 848 2282 925; x_wconf 62' lang='grc' dir='ltr'><strong>ΙΙ</strong></span> 
     </span>
     <span class='ocr_line' id='line_1_3' title="bbox 189 956 2282 1059; baseline 0.033 -92"><span class='ocrx_word' id='word_1_6' title='bbox 189 960 194 967; x_wconf 85' lang='grc'><strong>.</strong></span> <span class='ocrx_word' id='word_1_7' title='bbox 333 974 435 1059; x_wconf 49' lang='lat' dir='ltr'><strong>mm</strong></span> <span class='ocrx_word' id='word_1_8' title='bbox 458 970 634 1047; x_wconf 56' lang='lat' dir='ltr'><strong>mum</strong></span> <span class='ocrx_word' id='word_1_9' title='bbox 650 984 702 1033; x_wconf 56' lang='lat' dir='ltr'><strong><em>a</em></strong></span> <span class='ocrx_word' id='word_1_10' title='bbox 722 963 800 1033; x_wconf 54' lang='lat' dir='ltr'><strong>eod</strong></span> <span class='ocrx_word' id='word_1_11' title='bbox 815 960 874 1031; x_wconf 81' lang='lat' dir='ltr'><strong>v</strong></span> <span class='ocrx_word' id='word_1_12' title='bbox 893 962 1076 1047; x_wconf 56' lang='lat' dir='ltr'><strong>mm,</strong></span> <span class='ocrx_word' id='word_1_13' title='bbox 1089 959 1233 1045; x_wconf 67' lang='lat' dir='ltr'><strong>primm</strong></span> <span class='ocrx_word' id='word_1_14' title='bbox 1256 960 1411 1025; x_wconf 85' lang='lat' dir='ltr'><strong>utrum</strong></span> <span class='ocrx_word' id='word_1_15' title='bbox 1422 966 1469 1024; x_wconf 76' lang='lat' dir='ltr'><strong>es</strong></span> <span class='ocrx_word' id='word_1_16' title='bbox 1492 956 1572 1027; x_wconf 78' lang='lat' dir='ltr'><strong>eliis</strong></span> <span class='ocrx_word' id='word_1_17' title='bbox 1595 957 1700 1030; x_wconf 76' lang='lat' dir='ltr'><strong>rebus</strong></span> <span class='ocrx_word' id='word_1_18' title='bbox 1724 965 1798 1028; x_wconf 85' lang='grc' dir='ltr'>ιιιιιι</span> <span class='ocrx_word' id='word_1_19' title='bbox 1821 974 1868 1027; x_wconf 79' lang='grc' dir='ltr'><strong>ιιι</strong></span> <span class='ocrx_word' id='word_1_20' title='bbox 1892 957 2013 1031; x_wconf 85' lang='lat' dir='ltr'><strong>verbis</strong></span> <span class='ocrx_word' id='word_1_21' title='bbox 2036 964 2134 1033; x_wconf 89' lang='lat' dir='ltr'><strong>male</strong></span> <span class='ocrx_word' id='word_1_22' title='bbox 2154 964 2282 1037; x_wconf 83' lang='lat' dir='ltr'><strong>divisis</strong></span> 
     </span>
    </p>
   </div>
   <div class='ocr_carea' id='block_1_2' title="bbox 333 1070 2282 1171">
    <p class='ocr_par' dir='ltr' id='par_1_2' title="bbox 333 1070 2282 1171">
     <span class='ocr_line' id='line_1_4' title="bbox 333 1070 2282 1171; baseline -0.004 -18"><span class='ocrx_word' id='word_1_23' title='bbox 333 1085 583 1171; x_wconf 72' lang='lat' dir='ltr'><strong>intelligeretur</strong></span> <span class='ocrx_word' id='word_1_24' title='bbox 600 1079 755 1147; x_wconf 81' lang='lat' dir='ltr'><strong>codicem</strong></span> <span class='ocrx_word' id='word_1_25' title='bbox 769 1072 893 1165; x_wconf 85' lang='lat' dir='ltr'><strong>Poggii</strong></span> <span class='ocrx_word' id='word_1_26' title='bbox 906 1096 977 1143; x_wconf 90' lang='lat' dir='ltr'><strong>non</strong></span> <span class='ocrx_word' id='word_1_27' title='bbox 991 1094 1040 1143; x_wconf 83' lang='lat' dir='ltr'><strong>ex</strong></span> <span class='ocrx_word' id='word_1_28' title='bbox 1057 1072 1210 1161; x_wconf 82' lang='lat' dir='ltr'><strong>oblongo</strong></span> <span class='ocrx_word' id='word_1_29' title='bbox 1230 1070 1362 1141; x_wconf 78' lang='lat' dir='ltr'><strong>sodex</strong></span> <span class='ocrx_word' id='word_1_30' title='bbox 1379 1074 1457 1163; x_wconf 78' lang='lat' dir='ltr'><strong>ipsb</strong></span> <span class='ocrx_word' id='word_1_31' title='bbox 1471 1072 1701 1161; x_wconf 52' lang='lat' dir='ltr'><strong>archetypus</strong></span> <span class='ocrx_word' id='word_1_32' title='bbox 1690 1092 1727 1141; x_wconf 89' lang='grc' dir='ltr'><strong>ιιι</strong></span> <span class='ocrx_word' id='word_1_33' title='bbox 1740 1094 1808 1163; x_wconf 78' lang='lat' dir='ltr'><strong>quio</strong></span> <span class='ocrx_word' id='word_1_34' title='bbox 1822 1075 1931 1144; x_wconf 79' lang='lat' dir='ltr'><strong>uerbo</strong></span> <span class='ocrx_word' id='word_1_35' title='bbox 1950 1077 2103 1171; x_wconf 87' lang='lat' dir='ltr'><strong>nondum</strong></span> <span class='ocrx_word' id='word_1_36' title='bbox 2116 1081 2282 1153; x_wconf 73' lang='grc' dir='ltr'>ιιιιιιιιιιο</span> 
     </span>
    </p>
   </div>
   <div class='ocr_carea' id='block_1_3' title="bbox 223 1170 2280 1284">
    <p class='ocr_par' dir='ltr' id='par_1_3' title="bbox 223 1170 2280 1284">
     <span class='ocr_line' id='line_1_5' title="bbox 223 1170 2280 1284; baseline -0.002 -16"><span class='ocrx_word' id='word_1_37' title='bbox 223 1184 234 1197; x_wconf 65' lang='grc'><em>’</em></span> <span class='ocrx_word' id='word_1_38' title='bbox 333 1209 444 1284; x_wconf 72' lang='lat' dir='ltr'><strong>ment,</strong></span> <span class='ocrx_word' id='word_1_39' title='bbox 454 1198 669 1284; x_wconf 81' lang='lat' dir='ltr'><strong>descriptum</strong></span> <span class='ocrx_word' id='word_1_40' title='bbox 682 1211 778 1279; x_wconf 85' lang='lat' dir='ltr'><strong>esse,</strong></span> <span class='ocrx_word' id='word_1_41' title='bbox 795 1192 1010 1278; x_wconf 78' lang='lat' dir='ltr'><strong>eundemque</strong></span> <span class='ocrx_word' id='word_1_42' title='bbox 1031 1210 1105 1278; x_wconf 85' lang='lat' dir='ltr'><strong>pen</strong></span> <span class='ocrx_word' id='word_1_43' title='bbox 1095 1182 1188 1255; x_wconf 87' lang='lat' dir='ltr'><strong>lide</strong></span> <span class='ocrx_word' id='word_1_44' title='bbox 1204 1206 1246 1254; x_wconf 79' lang='lat' dir='ltr'><strong>sc</strong></span> <span class='ocrx_word' id='word_1_45' title='bbox 1264 1185 1354 1255; x_wconf 79' lang='lat' dir='ltr'><strong>duras</strong></span> <span class='ocrx_word' id='word_1_46' title='bbox 1372 1186 1471 1273; x_wconf 85' lang='lat' dir='ltr'><strong>codd</strong></span> <span class='ocrx_word' id='word_1_47' title='bbox 1487 1170 1696 1274; x_wconf 66' lang='lat' dir='ltr'><strong>hidenses,</strong></span> <span class='ocrx_word' id='word_1_48' title='bbox 1711 1190 1770 1257; x_wconf 84' lang='grc' dir='ltr'><strong>ιιι</strong></span> <span class='ocrx_word' id='word_1_49' title='bbox 1776 1189 1895 1259; x_wconf 70' lang='lat' dir='ltr'><strong>eadm</strong></span> <span class='ocrx_word' id='word_1_50' title='bbox 1911 1195 2020 1280; x_wconf 85' lang='lat' dir='ltr'><strong>stirpe</strong></span> <span class='ocrx_word' id='word_1_51' title='bbox 2033 1200 2128 1269; x_wconf 76' lang='lat' dir='ltr'><strong>ortos</strong></span> <span class='ocrx_word' id='word_1_52' title='bbox 2130 1193 2280 1279; x_wconf 80' lang='lat' dir='ltr'><strong>,menda</strong></span> 
     </span>
    </p>
   </div>
   <div class='ocr_carea' id='block_1_4' title="bbox 332 1290 2280 1406">
    <p class='ocr_par' dir='ltr' id='par_1_4' title="bbox 332 1290 2280 1406">
     <span class='ocr_line' id='line_1_6' title="bbox 332 1290 2280 1406; baseline -0.001 -24"><span class='ocrx_word' id='word_1_53' title='bbox 332 1290 508 1406; x_wconf 71' lang='lat' dir='ltr'><strong>archetypi</strong></span> <span class='ocrx_word' id='word_1_54' title='bbox 518 1328 709 1389; x_wconf 71' lang='lat' dir='ltr'><strong>servasse,</strong></span> <span class='ocrx_word' id='word_1_55' title='bbox 727 1308 853 1376; x_wconf 87' lang='lat' dir='ltr'><strong>deinde</strong></span> <span class='ocrx_word' id='word_1_56' title='bbox 865 1314 910 1373; x_wconf 89' lang='lat' dir='ltr'><strong>nt</strong></span> <span class='ocrx_word' id='word_1_57' title='bbox 916 1304 1108 1372; x_wconf 87' lang='lat' dir='ltr'><strong>nonnulla</strong></span> <span class='ocrx_word' id='word_1_58' title='bbox 1098 1322 1135 1370; x_wconf 90' lang='grc' dir='ltr'><strong>ιιι</strong></span> <span class='ocrx_word' id='word_1_59' title='bbox 1148 1305 1226 1391; x_wconf 88' lang='lat' dir='ltr'><strong>ipso</strong></span> <span class='ocrx_word' id='word_1_60' title='bbox 1238 1301 1437 1389; x_wconf 73' lang='lat' dir='ltr'><strong>archetypo</strong></span> <span class='ocrx_word' id='word_1_61' title='bbox 1441 1302 1589 1371; x_wconf 80' lang='lat' dir='ltr'><strong>obseurre</strong></span> <span class='ocrx_word' id='word_1_62' title='bbox 1604 1306 1731 1390; x_wconf 85' lang='lat' dir='ltr'><strong>scripta</strong></span> <span class='ocrx_word' id='word_1_63' title='bbox 1746 1312 1805 1371; x_wconf 87' lang='lat' dir='ltr'><strong>aui</strong></span> <span class='ocrx_word' id='word_1_64' title='bbox 1816 1304 1947 1375; x_wconf 82' lang='lat' dir='ltr'><strong>detritu</strong></span> <span class='ocrx_word' id='word_1_65' title='bbox 1951 1306 2066 1377; x_wconf 82' lang='lat' dir='ltr'><strong>fuisse</strong></span> <span class='ocrx_word' id='word_1_66' title='bbox 2081 1316 2183 1395; x_wconf 79' lang='lat' dir='ltr'><strong>atque</strong></span> <span class='ocrx_word' id='word_1_67' title='bbox 2198 1310 2280 1380; x_wconf 84' lang='lat' dir='ltr'><strong>inde</strong></span> 
     </span>
    </p>
   </div>
   <div class='ocr_carea' id='block_1_5' title="bbox 203 1415 2390 1513">
    <p class='ocr_par' dir='ltr' id='par_1_5' title="bbox 203 1415 2390 1513">
     <span class='ocr_line' id='line_1_7' title="bbox 203 1415 2390 1513; baseline -0.003 -16"><span class='ocrx_word' id='word_1_68' title='bbox 203 1456 209 1461; x_wconf 94' lang='lat'>·</span> <span class='ocrx_word' id='word_1_69' title='bbox 333 1433 369 1495; x_wconf 91' lang='lat' dir='ltr'><strong>in</strong></span> <span class='ocrx_word' id='word_1_70' title='bbox 382 1429 491 1496; x_wconf 81' lang='lat' dir='ltr'><strong>tribas</strong></span> <span class='ocrx_word' id='word_1_71' title='bbox 506 1418 1180 1513; x_wconf 78' lang='lat' dir='ltr'><strong>illisapogrepbisdiverssilloquidem,</strong></span> <span class='ocrx_word' id='word_1_72' title='bbox 1193 1415 1258 1483; x_wconf 91' lang='lat' dir='ltr'><strong>sed</strong></span> <span class='ocrx_word' id='word_1_73' title='bbox 1273 1427 1383 1502; x_wconf 75' lang='lat' dir='ltr'><strong>aeque</strong></span> <span class='ocrx_word' id='word_1_74' title='bbox 1397 1416 1566 1484; x_wconf 84' lang='lat' dir='ltr'><strong>mendosa</strong></span> <span class='ocrx_word' id='word_1_75' title='bbox 1580 1420 1712 1485; x_wconf 76' lang='lat' dir='ltr'><strong>rabone</strong></span> <span class='ocrx_word' id='word_1_76' title='bbox 1728 1417 1881 1487; x_wconf 85' lang='lat' dir='ltr'><strong>exhibita</strong></span> <span class='ocrx_word' id='word_1_77' title='bbox 1893 1440 1977 1490; x_wconf 86' lang='lat' dir='ltr'><strong>esse</strong></span> <span class='ocrx_word' id='word_1_78' title='bbox 1993 1422 2164 1507; x_wconf 86' lang='lat' dir='ltr'><strong>docerem,</strong></span> <span class='ocrx_word' id='word_1_79' title='bbox 2178 1421 2283 1493; x_wconf 86' lang='lat' dir='ltr'><strong>deai-</strong></span> <span class='ocrx_word' id='word_1_80' title='bbox 2385 1444 2390 1453; x_wconf 93' lang='lat'>·</span> 
     </span>
    </p>
   </div>
   <div class='ocr_carea' id='block_1_6' title="bbox 268 1526 2351 3356">
    <p class='ocr_par' dir='ltr' id='par_1_6' title="bbox 276 1526 2319 2085">
     <span class='ocr_line' id='line_1_8' title="bbox 276 1526 2281 1631; baseline -0.005 -21"><span class='ocrx_word' id='word_1_81' title='bbox 276 1590 280 1599; x_wconf 81' lang='lat'><em>-</em></span> <span class='ocrx_word' id='word_1_82' title='bbox 320 1563 401 1631; x_wconf 27' lang='lat' dir='ltr'><strong>&#39;que</strong></span> <span class='ocrx_word' id='word_1_83' title='bbox 421 1549 460 1610; x_wconf 91' lang='lat' dir='ltr'><strong>nt</strong></span> <span class='ocrx_word' id='word_1_84' title='bbox 481 1533 651 1609; x_wconf 80' lang='lat' dir='ltr'><strong>editiones</strong></span> <span class='ocrx_word' id='word_1_85' title='bbox 667 1536 898 1620; x_wconf 72' lang='lat' dir='ltr'><strong>lirinensem,</strong></span> <span class='ocrx_word' id='word_1_86' title='bbox 911 1530 1168 1617; x_wconf 73' lang='lat' dir='ltr'>veronensem,</span> <span class='ocrx_word' id='word_1_87' title='bbox 1181 1528 1358 1601; x_wconf 76' lang='lat' dir='ltr'><strong>Venetam</strong></span> <span class='ocrx_word' id='word_1_88' title='bbox 1378 1550 1424 1597; x_wconf 79' lang='lat' dir='ltr'><strong>ex</strong></span> <span class='ocrx_word' id='word_1_89' title='bbox 1448 1526 1636 1619; x_wconf 76' lang='lat' dir='ltr'><strong>exemplari</strong></span> <span class='ocrx_word' id='word_1_90' title='bbox 1655 1532 1843 1603; x_wconf 89' lang='lat' dir='ltr'><strong>codicisV.</strong></span> <span class='ocrx_word' id='word_1_91' title='bbox 1857 1538 2038 1624; x_wconf 82' lang='lat' dir='ltr'><strong>sinrillimn,</strong></span> <span class='ocrx_word' id='word_1_92' title='bbox 2064 1538 2146 1607; x_wconf 79' lang='lat' dir='ltr'><strong>sed</strong></span> <span class='ocrx_word' id='word_1_93' title='bbox 2140 1540 2281 1625; x_wconf 71' lang='lat' dir='ltr'><strong>prm</strong></span> 
     </span>
     <span class='ocr_line' id='line_1_9' title="bbox 333 1642 2280 1755; baseline -0.003 -28"><span class='ocrx_word' id='word_1_94' title='bbox 333 1654 629 1727; x_wconf 85' lang='lat' dir='ltr'><strong>aeorrectoribns</strong></span> <span class='ocrx_word' id='word_1_95' title='bbox 661 1654 722 1722; x_wconf 91' lang='lat' dir='ltr'><strong>vel</strong></span> <span class='ocrx_word' id='word_1_96' title='bbox 760 1653 802 1720; x_wconf 76' lang='lat' dir='ltr'><strong>ab</strong></span> <span class='ocrx_word' id='word_1_97' title='bbox 834 1651 1021 1755; x_wconf 77' lang='lat' dir='ltr'><strong>editoribus</strong></span> <span class='ocrx_word' id='word_1_98' title='bbox 1055 1649 1142 1733; x_wconf 88' lang='lat' dir='ltr'><strong>ipsis</strong></span> <span class='ocrx_word' id='word_1_99' title='bbox 1168 1646 1351 1714; x_wconf 82' lang='lat' dir='ltr'><strong>emendato</strong></span> <span class='ocrx_word' id='word_1_100' title='bbox 1377 1660 1528 1713; x_wconf 66' lang='lat' dir='ltr'><strong>mensas</strong></span> <span class='ocrx_word' id='word_1_101' title='bbox 1559 1664 1642 1715; x_wconf 87' lang='lat' dir='ltr'><strong>esse</strong></span> <span class='ocrx_word' id='word_1_102' title='bbox 1674 1642 1920 1735; x_wconf 78' lang='lat' dir='ltr'><strong>confirmarem.</strong></span> <span class='ocrx_word' id='word_1_103' title='bbox 1972 1646 2105 1737; x_wconf 77' lang='lat' dir='ltr'><strong>Quodsi</strong></span> <span class='ocrx_word' id='word_1_104' title='bbox 2130 1652 2205 1719; x_wconf 90' lang='lat' dir='ltr'><strong>oud.</strong></span> <span class='ocrx_word' id='word_1_105' title='bbox 2231 1648 2280 1723; x_wconf 89' lang='lat' dir='ltr'><strong>V.</strong></span> 
     </span>
     <span class='ocr_line' id='line_1_10' title="bbox 334 1750 2283 1875; baseline -0.001 -36"><span class='ocrx_word' id='word_1_106' title='bbox 334 1777 507 1859; x_wconf 81' lang='lat' dir='ltr'><strong>integmm</strong></span> <span class='ocrx_word' id='word_1_107' title='bbox 531 1788 598 1836; x_wconf 88' lang='lat' dir='ltr'><strong>uec</strong></span> <span class='ocrx_word' id='word_1_108' title='bbox 623 1761 866 1855; x_wconf 85' lang='lat' dir='ltr'><strong>interpolatum</strong></span> <span class='ocrx_word' id='word_1_109' title='bbox 890 1750 974 1831; x_wconf 85' lang='lat' dir='ltr'><strong>esse</strong></span> <span class='ocrx_word' id='word_1_110' title='bbox 997 1762 1112 1845; x_wconf 87' lang='lat' dir='ltr'><strong>docui,</strong></span> <span class='ocrx_word' id='word_1_111' title='bbox 1136 1780 1183 1827; x_wconf 92' lang='lat' dir='ltr'><strong>ne</strong></span> <span class='ocrx_word' id='word_1_112' title='bbox 1207 1762 1251 1830; x_wconf 86' lang='lat' dir='ltr'><strong>iis</strong></span> <span class='ocrx_word' id='word_1_113' title='bbox 1277 1754 1413 1875; x_wconf 70' lang='lat' dir='ltr'><strong>quidem</strong></span> <span class='ocrx_word' id='word_1_114' title='bbox 1439 1761 1525 1827; x_wconf 87' lang='lat' dir='ltr'><strong>loeis</strong></span> <span class='ocrx_word' id='word_1_115' title='bbox 1527 1761 1745 1847; x_wconf 79' lang='lat' dir='ltr'><strong>,quibusnut</strong></span> <span class='ocrx_word' id='word_1_116' title='bbox 1759 1784 1834 1831; x_wconf 86' lang='lat' dir='ltr'><strong>cum</strong></span> <span class='ocrx_word' id='word_1_117' title='bbox 1850 1764 2013 1835; x_wconf 88' lang='lat' dir='ltr'><strong>alterutro</strong></span> <span class='ocrx_word' id='word_1_118' title='bbox 2030 1767 2184 1837; x_wconf 83' lang='lat' dir='ltr'><strong>codicum</strong></span> <span class='ocrx_word' id='word_1_119' title='bbox 2196 1766 2283 1837; x_wconf 76' lang='lat' dir='ltr'><strong>bst-</strong></span> 
     </span>
     <span class='ocr_line' id='line_1_11' title="bbox 290 1858 2319 1968; baseline -0.003 -9"><span class='ocrx_word' id='word_1_120' title='bbox 290 1954 294 1959; x_wconf 83' lang='lat'><strong>.</strong></span> <span class='ocrx_word' id='word_1_121' title='bbox 334 1888 491 1955; x_wconf 90' lang='lat' dir='ltr'><strong>densium</strong></span> <span class='ocrx_word' id='word_1_122' title='bbox 517 1892 574 1951; x_wconf 84' lang='lat' dir='ltr'><strong>aut</strong></span> <span class='ocrx_word' id='word_1_123' title='bbox 598 1882 698 1949; x_wconf 89' lang='lat' dir='ltr'><strong>solus</strong></span> <span class='ocrx_word' id='word_1_124' title='bbox 724 1898 845 1947; x_wconf 84' lang='lat' dir='ltr'><strong>verum</strong></span> <span class='ocrx_word' id='word_1_125' title='bbox 871 1878 1021 1962; x_wconf 80' lang='lat' dir='ltr'><strong>exhibet,</strong></span> <span class='ocrx_word' id='word_1_126' title='bbox 1047 1876 1228 1961; x_wconf 82' lang='lat' dir='ltr'><strong>integritas</strong></span> <span class='ocrx_word' id='word_1_127' title='bbox 1255 1876 1330 1942; x_wconf 89' lang='lat' dir='ltr'><strong>eius</strong></span> <span class='ocrx_word' id='word_1_128' title='bbox 1355 1868 1552 1963; x_wconf 89' lang='lat' dir='ltr'><strong>indubium</strong></span> <span class='ocrx_word' id='word_1_129' title='bbox 1578 1878 1746 1962; x_wconf 86' lang='lat' dir='ltr'><strong>vocanda,</strong></span> <span class='ocrx_word' id='word_1_130' title='bbox 1780 1897 1846 1947; x_wconf 90' lang='lat' dir='ltr'><strong>nec</strong></span> <span class='ocrx_word' id='word_1_131' title='bbox 1870 1882 1980 1957; x_wconf 85' lang='lat' dir='ltr'><strong>minor</strong></span> <span class='ocrx_word' id='word_1_132' title='bbox 2002 1877 2094 1951; x_wconf 81' lang='lat' dir='ltr'><strong>iides</strong></span> <span class='ocrx_word' id='word_1_133' title='bbox 2122 1886 2152 1949; x_wconf 90' lang='lat' dir='ltr'><strong>ei</strong></span> <span class='ocrx_word' id='word_1_134' title='bbox 2179 1858 2281 1968; x_wconf 78' lang='lat' dir='ltr'><strong>qnam</strong></span> <span class='ocrx_word' id='word_1_135' title='bbox 2296 1864 2319 1877; x_wconf 59' lang='grc'>”</span> 
     </span>
     <span class='ocr_line' id='line_1_12' title="bbox 334 1988 1894 2087; baseline -0.003 -19"><span class='ocrx_word' id='word_1_136' title='bbox 334 2001 486 2087; x_wconf 85' lang='lat' dir='ltr'><strong>oblongo</strong></span> <span class='ocrx_word' id='word_1_137' title='bbox 512 2004 585 2066; x_wconf 82' lang='lat' dir='ltr'><strong>ant</strong></span> <span class='ocrx_word' id='word_1_138' title='bbox 595 1997 758 2085; x_wconf 83' lang='lat' dir='ltr'><strong>quadrato</strong></span> <span class='ocrx_word' id='word_1_139' title='bbox 781 2009 942 2061; x_wconf 86' lang='lat' dir='ltr'><strong>seorsum</strong></span> <span class='ocrx_word' id='word_1_140' title='bbox 967 2012 988 2059; x_wconf 87' lang='lat' dir='ltr'><strong>a</strong></span> <span class='ocrx_word' id='word_1_141' title='bbox 1012 1991 1152 2077; x_wconf 88' lang='lat' dir='ltr'><strong>reliquis</strong></span> <span class='ocrx_word' id='word_1_142' title='bbox 1176 2010 1265 2059; x_wconf 85' lang='lat' dir='ltr'><strong>vera</strong></span> <span class='ocrx_word' id='word_1_143' title='bbox 1288 1990 1532 2078; x_wconf 64' lang='lat' dir='ltr'><strong>praebentibus</strong></span> <span class='ocrx_word' id='word_1_144' title='bbox 1557 1991 1715 2061; x_wconf 84' lang='lat' dir='ltr'><strong>habenda</strong></span> <span class='ocrx_word' id='word_1_145' title='bbox 1740 2006 1804 2066; x_wconf 88' lang='lat' dir='ltr'><strong>est.</strong></span> <span class='ocrx_word' id='word_1_146' title='bbox 1890 1988 1894 1993; x_wconf 66' lang='grc'><em>’</em></span> 
     </span>
    </p>

    <p class='ocr_par' dir='ltr' id='par_1_7' title="bbox 268 2099 2351 3356">
     <span class='ocr_line' id='line_1_13' title="bbox 355 2099 2281 2218; baseline 0.002 -37"><span class='ocrx_word' id='word_1_147' title='bbox 355 2142 358 2148; x_wconf 53' lang='lat'><strong>&gt;</strong></span> <span class='ocrx_word' id='word_1_148' title='bbox 502 2112 569 2182; x_wconf 85' lang='lat' dir='ltr'><strong>llis</strong></span> <span class='ocrx_word' id='word_1_149' title='bbox 596 2114 764 2200; x_wconf 86' lang='lat' dir='ltr'><strong>expositis</strong></span> <span class='ocrx_word' id='word_1_150' title='bbox 789 2113 856 2176; x_wconf 88' lang='lat' dir='ltr'><strong>iarn</strong></span> <span class='ocrx_word' id='word_1_151' title='bbox 881 2110 1001 2196; x_wconf 81' lang='lat' dir='ltr'><strong>paucis</strong></span> <span class='ocrx_word' id='word_1_152' title='bbox 1026 2100 1228 2218; x_wconf 83' lang='lat' dir='ltr'><strong>significabo</strong></span> <span class='ocrx_word' id='word_1_153' title='bbox 1254 2106 1334 2193; x_wconf 80' lang='lat' dir='ltr'><strong>quid</strong></span> <span class='ocrx_word' id='word_1_154' title='bbox 1367 2109 1506 2193; x_wconf 88' lang='lat' dir='ltr'><strong>cognito</strong></span> <span class='ocrx_word' id='word_1_155' title='bbox 1539 2107 1658 2175; x_wconf 89' lang='lat' dir='ltr'><strong>codice</strong></span> <span class='ocrx_word' id='word_1_156' title='bbox 1679 2101 1885 2211; x_wconf 81' lang='lat' dir='ltr'><strong>Victoriana</strong></span> <span class='ocrx_word' id='word_1_157' title='bbox 1912 2099 2281 2185; x_wconf 66' lang='lat' dir='ltr'><strong>transiluisse</strong></span> 
     </span>
     <span class='ocr_line' id='line_1_14' title="bbox 299 2204 2280 2325; baseline 0.001 -30"><span class='ocrx_word' id='word_1_158' title='bbox 299 2299 301 2302; x_wconf 70' lang='grc'>,</span> <span class='ocrx_word' id='word_1_159' title='bbox 334 2231 476 2316; x_wconf 84' lang='grc' dir='ltr'>ιιιιιιιιιιι</span> <span class='ocrx_word' id='word_1_160' title='bbox 501 2227 636 2313; x_wconf 84' lang='lat' dir='ltr'><strong>quidem</strong></span> <span class='ocrx_word' id='word_1_161' title='bbox 660 2218 754 2310; x_wconf 80' lang='lat' dir='ltr'><strong>fons,</strong></span> <span class='ocrx_word' id='word_1_162' title='bbox 777 2224 871 2292; x_wconf 89' lang='lat' dir='ltr'><strong>unde</strong></span> <span class='ocrx_word' id='word_1_163' title='bbox 897 2222 1068 2290; x_wconf 77' lang='lat' dir='ltr'><strong>editiones</strong></span> <span class='ocrx_word' id='word_1_164' title='bbox 1092 2214 1266 2308; x_wconf 89' lang='lat' dir='ltr'><strong>principes</strong></span> <span class='ocrx_word' id='word_1_165' title='bbox 1297 2230 1555 2307; x_wconf 68' lang='lat' dir='ltr'><strong>manaverunt,</strong></span> <span class='ocrx_word' id='word_1_166' title='bbox 1577 2225 1643 2289; x_wconf 89' lang='lat' dir='ltr'><strong>iam</strong></span> <span class='ocrx_word' id='word_1_167' title='bbox 1676 2204 1815 2325; x_wconf 79' lang='lat' dir='ltr'><strong>apertus</strong></span> <span class='ocrx_word' id='word_1_168' title='bbox 1848 2233 1959 2312; x_wconf 86' lang='lat' dir='ltr'><strong>patet,</strong></span> <span class='ocrx_word' id='word_1_169' title='bbox 1995 2227 2085 2315; x_wconf 88' lang='lat' dir='ltr'><strong>quod</strong></span> <span class='ocrx_word' id='word_1_170' title='bbox 2119 2236 2280 2313; x_wconf 73' lang='lat' dir='ltr'><strong>quinum</strong></span> 
     </span>
     <span class='ocr_line' id='line_1_15' title="bbox 332 2322 2280 2429; baseline 0.001 -20"><span class='ocrx_word' id='word_1_171' title='bbox 332 2346 496 2427; x_wconf 51' lang='lat' dir='ltr'><strong>valsots</strong></span> <span class='ocrx_word' id='word_1_172' title='bbox 487 2364 518 2409; x_wconf 82' lang='lat' dir='ltr'><strong>rs</strong></span> <span class='ocrx_word' id='word_1_173' title='bbox 542 2342 723 2428; x_wconf 83' lang='lat' dir='ltr'><strong>intelliget,</strong></span> <span class='ocrx_word' id='word_1_174' title='bbox 751 2344 805 2427; x_wconf 87' lang='lat' dir='ltr'><strong>qni</strong></span> <span class='ocrx_word' id='word_1_175' title='bbox 830 2339 910 2406; x_wconf 82' lang='lat' dir='ltr'><strong>illas</strong></span> <span class='ocrx_word' id='word_1_176' title='bbox 935 2322 1119 2405; x_wconf 77' lang='lat' dir='ltr'><strong>editiones</strong></span> <span class='ocrx_word' id='word_1_177' title='bbox 1137 2342 1195 2401; x_wconf 83' lang='lat' dir='ltr'><strong>aut</strong></span> <span class='ocrx_word' id='word_1_178' title='bbox 1226 2337 1303 2421; x_wconf 88' lang='lat' dir='ltr'><strong>ipse</strong></span> <span class='ocrx_word' id='word_1_179' title='bbox 1335 2338 1527 2440; x_wconf 78' lang='lat' dir='ltr'><strong>inspexerit</strong></span> <span class='ocrx_word' id='word_1_180' title='bbox 1552 2344 1609 2402; x_wconf 89' lang='lat' dir='ltr'><strong>ant</strong></span> <span class='ocrx_word' id='word_1_181' title='bbox 1635 2356 1695 2419; x_wconf 87' lang='lat' dir='ltr'><strong>eo,</strong></span> <span class='ocrx_word' id='word_1_182' title='bbox 1729 2356 1818 2423; x_wconf 82' lang='lat' dir='ltr'><strong>quae</strong></span> <span class='ocrx_word' id='word_1_183' title='bbox 1845 2340 1995 2408; x_wconf 83' lang='lat' dir='ltr'><strong>editores</strong></span> <span class='ocrx_word' id='word_1_184' title='bbox 2022 2344 2067 2408; x_wconf 79' lang='lat' dir='ltr'><strong>eit</strong></span> <span class='ocrx_word' id='word_1_185' title='bbox 2092 2344 2155 2409; x_wconf 90' lang='lat' dir='ltr'><strong>iis</strong></span> <span class='ocrx_word' id='word_1_186' title='bbox 2161 2362 2280 2429; x_wconf 84' lang='lat' dir='ltr'><strong>parurn</strong></span> 
     </span>
     <span class='ocr_line' id='line_1_16' title="bbox 336 2421 2351 2562; baseline 0 -38"><span class='ocrx_word' id='word_1_187' title='bbox 336 2459 512 2562; x_wconf 81' lang='lat' dir='ltr'><strong>religiose</strong></span> <span class='ocrx_word' id='word_1_188' title='bbox 525 2456 740 2540; x_wconf 82' lang='lat' dir='ltr'><strong>rettulerunt,</strong></span> <span class='ocrx_word' id='word_1_189' title='bbox 766 2454 969 2541; x_wconf 81' lang='lat' dir='ltr'><strong>perlegerit..</strong></span> <span class='ocrx_word' id='word_1_190' title='bbox 1000 2421 1213 2519; x_wconf 70' lang='lat' dir='ltr'><strong>lachmanni</strong></span> <span class='ocrx_word' id='word_1_191' title='bbox 1230 2452 1321 2516; x_wconf 93' lang='lat' dir='ltr'><strong>enim</strong></span> <span class='ocrx_word' id='word_1_192' title='bbox 1337 2452 1496 2517; x_wconf 88' lang='lat' dir='ltr'><strong>iniustum</strong></span> <span class='ocrx_word' id='word_1_193' title='bbox 1518 2434 1632 2536; x_wconf 86' lang='lat' dir='ltr'><strong>atque</strong></span> <span class='ocrx_word' id='word_1_194' title='bbox 1637 2452 1811 2519; x_wconf 73' lang='lat' dir='ltr'><strong>incautum</strong></span> <span class='ocrx_word' id='word_1_195' title='bbox 1827 2455 1985 2522; x_wconf 89' lang='lat' dir='ltr'><strong>indicium</strong></span> <span class='ocrx_word' id='word_1_196' title='bbox 2006 2464 2148 2525; x_wconf 85' lang='lat' dir='ltr'><strong>secutus</strong></span> <span class='ocrx_word' id='word_1_197' title='bbox 2166 2460 2282 2527; x_wconf 86' lang='lat' dir='ltr'><strong>multis</strong></span> <span class='ocrx_word' id='word_1_198' title='bbox 2341 2466 2351 2507; x_wconf 74' lang='lat' dir='ltr'><em>s</em></span> 
     </span>
     <span class='ocr_line' id='line_1_17' title="bbox 307 2556 2280 2681; baseline 0.003 -43"><span class='ocrx_word' id='word_1_199' title='bbox 307 2576 369 2648; x_wconf 72' lang='grc' dir='ltr'><strong>1ιιι</strong></span> <span class='ocrx_word' id='word_1_200' title='bbox 371 2556 481 2640; x_wconf 86' lang='lat' dir='ltr'><strong>locis</strong></span> <span class='ocrx_word' id='word_1_201' title='bbox 506 2573 586 2639; x_wconf 83' lang='lat' dir='ltr'><strong>ilios</strong></span> <span class='ocrx_word' id='word_1_202' title='bbox 605 2571 712 2637; x_wconf 85' lang='lat' dir='ltr'><strong>italos</strong></span> <span class='ocrx_word' id='word_1_203' title='bbox 737 2570 895 2635; x_wconf 87' lang='lat' dir='ltr'><strong>homines</strong></span> <span class='ocrx_word' id='word_1_204' title='bbox 919 2565 1120 2636; x_wconf 80' lang='lat' dir='ltr'><strong>temerarios</strong></span> <span class='ocrx_word' id='word_1_205' title='bbox 1146 2587 1187 2633; x_wconf 83' lang='lat' dir='ltr'><strong>ec</strong></span> <span class='ocrx_word' id='word_1_206' title='bbox 1210 2566 1405 2647; x_wconf 85' lang='lat' dir='ltr'><strong>nebulones</strong></span> <span class='ocrx_word' id='word_1_207' title='bbox 1431 2564 1542 2631; x_wconf 78' lang='lat' dir='ltr'><strong>iuuisse</strong></span> <span class='ocrx_word' id='word_1_208' title='bbox 1568 2565 1713 2651; x_wconf 83' lang='lat' dir='ltr'><strong>putabit,</strong></span> <span class='ocrx_word' id='word_1_209' title='bbox 1740 2571 1796 2653; x_wconf 88' lang='lat' dir='ltr'><strong>qui</strong></span> <span class='ocrx_word' id='word_1_210' title='bbox 1821 2569 1881 2633; x_wconf 91' lang='lat' dir='ltr'><strong>vel</strong></span> <span class='ocrx_word' id='word_1_211' title='bbox 1903 2572 2126 2669; x_wconf 85' lang='lat' dir='ltr'><strong>integerrimo</strong></span> <span class='ocrx_word' id='word_1_212' title='bbox 2152 2575 2280 2681; x_wconf 85' lang='lat' dir='ltr'><strong>ineptis</strong></span> 
     </span>
     <span class='ocr_line' id='line_1_18' title="bbox 334 2656 2280 2773; baseline 0.002 -19"><span class='ocrx_word' id='word_1_213' title='bbox 334 2690 535 2754; x_wconf 88' lang='lat' dir='ltr'><strong>commentis</strong></span> <span class='ocrx_word' id='word_1_214' title='bbox 568 2656 806 2766; x_wconf 77' lang='lat' dir='ltr'><strong>foedaverint,</strong></span> <span class='ocrx_word' id='word_1_215' title='bbox 840 2682 900 2747; x_wconf 89' lang='lat' dir='ltr'><strong>vel</strong></span> <span class='ocrx_word' id='word_1_216' title='bbox 932 2681 1136 2769; x_wconf 78' lang='lat' dir='ltr'><strong>emendandi</strong></span> <span class='ocrx_word' id='word_1_217' title='bbox 1171 2682 1385 2749; x_wconf 81' lang='lat' dir='ltr'><strong>salebrosarn</strong></span> <span class='ocrx_word' id='word_1_218' title='bbox 1411 2698 1515 2771; x_wconf 77' lang='lat' dir='ltr'><strong>quiam</strong></span> <span class='ocrx_word' id='word_1_219' title='bbox 1542 2680 1692 2770; x_wconf 81' lang='lat' dir='ltr'><strong>ripertam</strong></span> <span class='ocrx_word' id='word_1_220' title='bbox 1725 2687 1818 2753; x_wconf 87' lang='lat' dir='ltr'><strong>viam</strong></span> <span class='ocrx_word' id='word_1_221' title='bbox 1856 2688 1953 2773; x_wconf 79' lang='lat' dir='ltr'><strong>sequi</strong></span> <span class='ocrx_word' id='word_1_222' title='bbox 1987 2688 2178 2756; x_wconf 82' lang='lat' dir='ltr'><strong>maluerint.</strong></span> <span class='ocrx_word' id='word_1_223' title='bbox 2230 2688 2280 2757; x_wconf 82' lang='lat' dir='ltr'><strong>At</strong></span> 
     </span>
     <span class='ocr_line' id='line_1_19' title="bbox 334 2796 2280 2891; baseline 0.002 -22"><span class='ocrx_word' id='word_1_224' title='bbox 334 2806 390 2888; x_wconf 85' lang='grc' dir='ltr'>ιιιιι</span> <span class='ocrx_word' id='word_1_225' title='bbox 408 2803 577 2869; x_wconf 88' lang='lat' dir='ltr'><strong>lectiones</strong></span> <span class='ocrx_word' id='word_1_226' title='bbox 590 2799 721 2866; x_wconf 87' lang='lat' dir='ltr'><strong>codicis</strong></span> <span class='ocrx_word' id='word_1_227' title='bbox 736 2796 782 2865; x_wconf 91' lang='lat' dir='ltr'><strong>V.</strong></span> <span class='ocrx_word' id='word_1_228' title='bbox 800 2801 1035 2887; x_wconf 82' lang='lat' dir='ltr'><strong>cognoverit,</strong></span> <span class='ocrx_word' id='word_1_229' title='bbox 1030 2818 1170 2865; x_wconf 72' lang='lat' dir='ltr'><strong>musam</strong></span> <span class='ocrx_word' id='word_1_230' title='bbox 1191 2818 1343 2876; x_wconf 82' lang='lat' dir='ltr'><strong>errorum</strong></span> <span class='ocrx_word' id='word_1_231' title='bbox 1364 2800 1529 2881; x_wconf 87' lang='lat' dir='ltr'><strong>inveniet,</strong></span> <span class='ocrx_word' id='word_1_232' title='bbox 1551 2806 1652 2884; x_wconf 81' lang='lat' dir='ltr'><strong>atque</strong></span> <span class='ocrx_word' id='word_1_233' title='bbox 1678 2797 1785 2867; x_wconf 83' lang='lat' dir='ltr'><strong>Italos</strong></span> <span class='ocrx_word' id='word_1_234' title='bbox 1811 2808 1850 2865; x_wconf 89' lang='lat' dir='ltr'><strong>ut</strong></span> <span class='ocrx_word' id='word_1_235' title='bbox 1873 2820 1975 2867; x_wconf 70' lang='lat' dir='ltr'><strong>tera</strong></span> <span class='ocrx_word' id='word_1_236' title='bbox 1984 2820 2055 2868; x_wconf 91' lang='lat' dir='ltr'><strong>non</strong></span> <span class='ocrx_word' id='word_1_237' title='bbox 2079 2802 2280 2891; x_wconf 78' lang='lat' dir='ltr'><strong>indagasse,</strong></span> 
     </span>
     <span class='ocr_line' id='line_1_20' title="bbox 336 2882 2282 3003; baseline -0.001 -19"><span class='ocrx_word' id='word_1_238' title='bbox 336 2922 388 2984; x_wconf 91' lang='lat' dir='ltr'><strong>sic</strong></span> <span class='ocrx_word' id='word_1_239' title='bbox 422 2935 549 3002; x_wconf 80' lang='lat' dir='ltr'><strong>magno</strong></span> <span class='ocrx_word' id='word_1_240' title='bbox 583 2934 691 2999; x_wconf 81' lang='lat' dir='ltr'><strong>saepe</strong></span> <span class='ocrx_word' id='word_1_241' title='bbox 723 2900 880 2982; x_wconf 82' lang='lat' dir='ltr'><strong>acumine</strong></span> <span class='ocrx_word' id='word_1_242' title='bbox 915 2915 1000 2979; x_wconf 89' lang='lat' dir='ltr'><strong>vitia</strong></span> <span class='ocrx_word' id='word_1_243' title='bbox 1033 2911 1174 2978; x_wconf 78' lang='lat' dir='ltr'><strong>suomm</strong></span> <span class='ocrx_word' id='word_1_244' title='bbox 1206 2910 1362 2977; x_wconf 91' lang='lat' dir='ltr'><strong>codicum</strong></span> <span class='ocrx_word' id='word_1_245' title='bbox 1395 2928 1578 2984; x_wconf 78' lang='lat' dir='ltr'><strong>removere</strong></span> <span class='ocrx_word' id='word_1_246' title='bbox 1609 2920 1767 2983; x_wconf 81' lang='lat' dir='ltr'><strong>tentasse</strong></span> <span class='ocrx_word' id='word_1_247' title='bbox 1801 2882 1969 2981; x_wconf 84' lang='lat' dir='ltr'><strong>iudicabit.</strong></span> <span class='ocrx_word' id='word_1_248' title='bbox 2020 2912 2159 2982; x_wconf 78' lang='lat' dir='ltr'><strong>Etenim</strong></span> <span class='ocrx_word' id='word_1_249' title='bbox 2193 2922 2282 3003; x_wconf 84' lang='grc' dir='ltr'>ιιιιιι,</span> 
     </span>
     <span class='ocr_line' id='line_1_21' title="bbox 268 3023 2282 3122; baseline 0.001 -22"><span class='ocrx_word' id='word_1_250' title='bbox 268 3105 273 3110; x_wconf 66' lang='grc'>,</span> <span class='ocrx_word' id='word_1_251' title='bbox 336 3040 478 3122; x_wconf 79' lang='lat' dir='ltr'><strong>quaeso,</strong></span> <span class='ocrx_word' id='word_1_252' title='bbox 504 3031 684 3118; x_wconf 85' lang='lat' dir='ltr'><strong>intelliget,</strong></span> <span class='ocrx_word' id='word_1_253' title='bbox 710 3032 767 3117; x_wconf 88' lang='grc' dir='ltr'>ιιιιι</span> <span class='ocrx_word' id='word_1_254' title='bbox 792 3027 919 3096; x_wconf 83' lang='lat' dir='ltr'><strong>iactum</strong></span> <span class='ocrx_word' id='word_1_255' title='bbox 943 3030 990 3096; x_wconf 87' lang='lat' dir='ltr'><strong>sit</strong></span> <span class='ocrx_word' id='word_1_256' title='bbox 1012 3033 1051 3093; x_wconf 86' lang='lat' dir='ltr'><strong>ut</strong></span> <span class='ocrx_word' id='word_1_257' title='bbox 1074 3026 1226 3094; x_wconf 85' lang='lat' dir='ltr'><strong>editores</strong></span> <span class='ocrx_word' id='word_1_258' title='bbox 1251 3033 1405 3110; x_wconf 71' lang='lat' dir='ltr'><strong>veteres,</strong></span> <span class='ocrx_word' id='word_1_259' title='bbox 1430 3024 1473 3091; x_wconf 88' lang='lat' dir='ltr'><strong>de</strong></span> <span class='ocrx_word' id='word_1_260' title='bbox 1498 3023 1634 3112; x_wconf 83' lang='lat' dir='ltr'><strong>legibus</strong></span> <span class='ocrx_word' id='word_1_261' title='bbox 1659 3027 1820 3093; x_wconf 84' lang='lat' dir='ltr'><strong>metricae</strong></span> <span class='ocrx_word' id='word_1_262' title='bbox 1847 3030 1928 3094; x_wconf 88' lang='lat' dir='ltr'><strong>artis</strong></span> <span class='ocrx_word' id='word_1_263' title='bbox 1955 3034 2064 3114; x_wconf 83' lang='lat' dir='ltr'><strong>aeqbe</strong></span> <span class='ocrx_word' id='word_1_264' title='bbox 2089 3051 2130 3098; x_wconf 87' lang='lat' dir='ltr'><strong>oc</strong></span> <span class='ocrx_word' id='word_1_265' title='bbox 2154 3032 2282 3102; x_wconf 82' lang='lat' dir='ltr'><strong>librarii</strong></span> 
     </span>
     <span class='ocr_line' id='line_1_22' title="bbox 336 3124 2349 3239; baseline 0.001 -25"><span class='ocrx_word' id='word_1_266' title='bbox 336 3124 492 3220; x_wconf 77' lang='lat' dir='ltr'><strong>redierim</strong></span> <span class='ocrx_word' id='word_1_267' title='bbox 514 3139 652 3213; x_wconf 82' lang='lat' dir='ltr'><strong>illorum&#39;</strong></span> <span class='ocrx_word' id='word_1_268' title='bbox 675 3127 800 3230; x_wconf 82' lang='lat' dir='ltr'><strong>securi,</strong></span> <span class='ocrx_word' id='word_1_269' title='bbox 827 3143 871 3229; x_wconf 92' lang='lat' dir='ltr'><strong>ll,</strong></span> <span class='ocrx_word' id='word_1_270' title='bbox 896 3141 957 3228; x_wconf 75' lang='lat'><strong>85,</strong></span> <span class='ocrx_word' id='word_1_271' title='bbox 983 3142 1175 3230; x_wconf 79' lang='lat' dir='ltr'><strong>scriberent</strong></span> <span class='ocrx_word' id='word_1_272' title='bbox 1205 3142 1284 3208; x_wconf 78' lang='lat' dir='ltr'><strong>cita</strong></span> <span class='ocrx_word' id='word_1_273' title='bbox 1313 3159 1474 3233; x_wconf 82' lang='lat' dir='ltr'><strong>superne</strong></span> <span class='ocrx_word' id='word_1_274' title='bbox 1507 3145 1581 3208; x_wconf 74' lang='lat' dir='ltr'><strong>ears</strong></span> <span class='ocrx_word' id='word_1_275' title='bbox 1615 3142 1692 3208; x_wconf 89' lang='lat' dir='ltr'><strong>loco</strong></span> <span class='ocrx_word' id='word_1_276' title='bbox 1728 3141 1818 3232; x_wconf 89' lang='lat' dir='ltr'><strong>quod</strong></span> <span class='ocrx_word' id='word_1_277' title='bbox 1844 3151 1909 3226; x_wconf 51' lang='lat' dir='ltr'><strong>‚est</strong></span> <span class='ocrx_word' id='word_1_278' title='bbox 1942 3145 2020 3212; x_wconf 79' lang='lat' dir='ltr'><strong>cito</strong></span> <span class='ocrx_word' id='word_1_279' title='bbox 2042 3163 2178 3239; x_wconf 79' lang='lat' dir='ltr'><strong>saepe,</strong></span> <span class='ocrx_word' id='word_1_280' title='bbox 2213 3150 2280 3216; x_wconf 83' lang='lat' dir='ltr'><strong>ulsi</strong></span> <span class='ocrx_word' id='word_1_281' title='bbox 2347 3125 2349 3132; x_wconf 38' lang='lat'><em>&#39;</em></span> 
     </span>
     <span class='ocr_line' id='line_1_23' title="bbox 337 3239 2278 3356; baseline 0.001 -28"><span class='ocrx_word' id='word_1_282' title='bbox 337 3262 509 3346; x_wconf 86' lang='lat' dir='ltr'><strong>acceperit</strong></span> <span class='ocrx_word' id='word_1_283' title='bbox 531 3239 599 3326; x_wconf 78' lang='lat' dir='ltr'><strong>hoc</strong></span> <span class='ocrx_word' id='word_1_284' title='bbox 624 3248 736 3345; x_wconf 86' lang='lat' dir='ltr'><strong>ipsum</strong></span> <span class='ocrx_word' id='word_1_285' title='bbox 761 3260 841 3325; x_wconf 80' lang='lat' dir='ltr'><strong>cita</strong></span> <span class='ocrx_word' id='word_1_286' title='bbox 863 3275 1035 3350; x_wconf 78' lang='lat' dir='ltr'><strong>superne,</strong></span> <span class='ocrx_word' id='word_1_287' title='bbox 1062 3277 1107 3324; x_wconf 89' lang='lat' dir='ltr'><strong>ex</strong></span> <span class='ocrx_word' id='word_1_288' title='bbox 1133 3257 1289 3348; x_wconf 87' lang='lat' dir='ltr'><strong>clausula</strong></span> <span class='ocrx_word' id='word_1_289' title='bbox 1314 3255 1397 3322; x_wconf 90' lang='lat' dir='ltr'><strong>illud</strong></span> <span class='ocrx_word' id='word_1_290' title='bbox 1424 3258 1567 3343; x_wconf 83' lang='lat' dir='ltr'><strong>proximi</strong></span> <span class='ocrx_word' id='word_1_291' title='bbox 1592 3275 1720 3356; x_wconf 76' lang='lat' dir='ltr'><strong>versus</strong></span> <span class='ocrx_word' id='word_1_292' title='bbox 1746 3263 1898 3348; x_wconf 76' lang='lat' dir='ltr'><strong>repenle</strong></span> <span class='ocrx_word' id='word_1_293' title='bbox 1923 3268 2043 3344; x_wconf 87' lang='lat' dir='ltr'><strong>ortum,</strong></span> <span class='ocrx_word' id='word_1_294' title='bbox 2070 3263 2104 3326; x_wconf 90' lang='lat' dir='ltr'><strong>in</strong></span> <span class='ocrx_word' id='word_1_295' title='bbox 2130 3261 2205 3330; x_wconf 89' lang='lat' dir='ltr'><strong>cod.</strong></span> <span class='ocrx_word' id='word_1_296' title='bbox 2231 3259 2278 3330; x_wconf 92' lang='lat' dir='ltr'><strong>V.</strong></span> 
     </span>
    </p>
   </div>
   <div class='ocr_carea' id='block_1_7' title="bbox 165 3357 2465 3697">
    <p class='ocr_par' dir='ltr' id='par_1_8' title="bbox 165 3357 2465 3697">
     <span class='ocr_line' id='line_1_24' title="bbox 295 3357 2465 3471; baseline 0.001 -29"><span class='ocrx_word' id='word_1_297' title='bbox 295 3369 499 3461; x_wconf 75' lang='lat' dir='ltr'><strong>&#39;scriptum</strong></span> <span class='ocrx_word' id='word_1_298' title='bbox 524 3369 693 3440; x_wconf 67' lang='lat' dir='ltr'><strong>exstare?</strong></span> <span class='ocrx_word' id='word_1_299' title='bbox 744 3368 831 3458; x_wconf 81' lang='lat' dir='ltr'><strong>Quis</strong></span> <span class='ocrx_word' id='word_1_300' title='bbox 856 3361 959 3458; x_wconf 80' lang='lat' dir='ltr'><strong>porro</strong></span> <span class='ocrx_word' id='word_1_301' title='bbox 984 3373 1134 3437; x_wconf 85' lang='lat' dir='ltr'><strong>lectione</strong></span> <span class='ocrx_word' id='word_1_302' title='bbox 1160 3363 1233 3436; x_wconf 89' lang='lat' dir='ltr'><strong>cod.</strong></span> <span class='ocrx_word' id='word_1_303' title='bbox 1261 3366 1306 3435; x_wconf 89' lang='lat' dir='ltr'><strong>V.</strong></span> <span class='ocrx_word' id='word_1_304' title='bbox 1334 3360 1408 3453; x_wconf 75' lang='lat' dir='ltr'><strong>lV,</strong></span> <span class='ocrx_word' id='word_1_305' title='bbox 1427 3367 1497 3471; x_wconf 62' lang='lat' dir='ltr'><strong>lbi</strong></span> <span class='ocrx_word' id='word_1_306' title='bbox 1524 3387 1639 3463; x_wconf 75' lang='lat' dir='ltr'><strong>neque</strong></span> <span class='ocrx_word' id='word_1_307' title='bbox 1663 3358 1752 3437; x_wconf 81' lang='lat' dir='ltr'><strong>unte</strong></span> <span class='ocrx_word' id='word_1_308' title='bbox 1765 3357 2126 3466; x_wconf 58' lang='lat' dir='ltr'><strong>(proircquenutem)</strong></span> <span class='ocrx_word' id='word_1_309' title='bbox 2141 3381 2281 3464; x_wconf 85' lang='lat' dir='ltr'><strong>cognita</strong></span> <span class='ocrx_word' id='word_1_310' title='bbox 2361 3393 2363 3406; x_wconf 90' lang='grc'><strong><em>·</em></strong></span> <span class='ocrx_word' id='word_1_311' title='bbox 2464 3361 2465 3372; x_wconf 59' lang='grc'>’</span> 
     </span>
     <span class='ocr_line' id='line_1_25' title="bbox 165 3467 2310 3574; baseline 0.002 -19"><span class='ocrx_word' id='word_1_312' title='bbox 165 3467 195 3499; x_wconf 60' lang='lat'>⁸</span> <span class='ocrx_word' id='word_1_313' title='bbox 227 3546 230 3553; x_wconf 70' lang='grc'>,</span> <span class='ocrx_word' id='word_1_314' title='bbox 337 3497 405 3556; x_wconf 88' lang='lat' dir='ltr'><strong>tam</strong></span> <span class='ocrx_word' id='word_1_315' title='bbox 430 3489 578 3554; x_wconf 87' lang='lat' dir='ltr'><strong>iniustus</strong></span> <span class='ocrx_word' id='word_1_316' title='bbox 603 3507 644 3553; x_wconf 87' lang='lat' dir='ltr'><strong>ac</strong></span> <span class='ocrx_word' id='word_1_317' title='bbox 668 3486 841 3572; x_wconf 85' lang='lat' dir='ltr'><strong>litigiosus</strong></span> <span class='ocrx_word' id='word_1_318' title='bbox 866 3489 1024 3570; x_wconf 84' lang='lat' dir='ltr'><strong>exsistet,</strong></span> <span class='ocrx_word' id='word_1_319' title='bbox 1051 3486 1107 3570; x_wconf 88' lang='lat' dir='ltr'><strong>qui</strong></span> <span class='ocrx_word' id='word_1_320' title='bbox 1132 3504 1209 3550; x_wconf 89' lang='lat' dir='ltr'><strong>cum</strong></span> <span class='ocrx_word' id='word_1_321' title='bbox 1224 3481 1448 3552; x_wconf 77' lang='lat' dir='ltr'><strong>bacbmonno</strong></span> <span class='ocrx_word' id='word_1_322' title='bbox 1464 3487 1601 3572; x_wconf 89' lang='lat' dir='ltr'><strong>optimis</strong></span> <span class='ocrx_word' id='word_1_323' title='bbox 1620 3486 1705 3551; x_wconf 91' lang='lat' dir='ltr'><strong>viris</strong></span> <span class='ocrx_word' id='word_1_324' title='bbox 1708 3486 1790 3571; x_wconf 83' lang='lat' dir='ltr'><strong>,qui</strong></span> <span class='ocrx_word' id='word_1_325' title='bbox 1816 3483 1958 3570; x_wconf 85' lang='lat' dir='ltr'><strong>speculo</strong></span> <span class='ocrx_word' id='word_1_326' title='bbox 1985 3491 2102 3574; x_wconf 90' lang='lat' dir='ltr'><strong>quinto</strong></span> <span class='ocrx_word' id='word_1_327' title='bbox 2129 3499 2310 3560; x_wconf 84' lang='lat' dir='ltr'><strong>exeunte.</strong></span> 
     </span>
     <span class='ocr_line' id='line_1_26' title="bbox 205 3583 2355 3697; baseline 0.001 -28"><span class='ocrx_word' id='word_1_328' title='bbox 205 3593 220 3626; x_wconf 62' lang='lat'>⁸</span> <span class='ocrx_word' id='word_1_329' title='bbox 300 3623 306 3637; x_wconf 78' lang='grc'><strong><em>’</em></strong></span> <span class='ocrx_word' id='word_1_330' title='bbox 340 3612 376 3669; x_wconf 91' lang='lat' dir='ltr'><strong>et</strong></span> <span class='ocrx_word' id='word_1_331' title='bbox 400 3609 504 3669; x_wconf 87' lang='lat' dir='ltr'><strong>sexto</strong></span> <span class='ocrx_word' id='word_1_332' title='bbox 528 3605 670 3668; x_wconf 90' lang='lat' dir='ltr'><strong>ineunte</strong></span> <span class='ocrx_word' id='word_1_333' title='bbox 696 3599 849 3668; x_wconf 82' lang='lat' dir='ltr'><strong>Lucretii</strong></span> <span class='ocrx_word' id='word_1_334' title='bbox 874 3601 1025 3666; x_wconf 85' lang='lat' dir='ltr'><strong>earmina</strong></span> <span class='ocrx_word' id='word_1_335' title='bbox 1049 3599 1281 3688; x_wconf 86' lang='lat' dir='ltr'><strong>divulgarunt,</strong></span> <span class='ocrx_word' id='word_1_336' title='bbox 1315 3607 1445 3668; x_wconf 83' lang='lat' dir='ltr'><strong>tuntum</strong></span> <span class='ocrx_word' id='word_1_337' title='bbox 1471 3610 1662 3688; x_wconf 85' lang='lat' dir='ltr'><strong>stuporem</strong></span> <span class='ocrx_word' id='word_1_338' title='bbox 1665 3603 1830 3688; x_wconf 88' lang='lat' dir='ltr'><strong>imputet,</strong></span> <span class='ocrx_word' id='word_1_339' title='bbox 1864 3610 1902 3668; x_wconf 93' lang='lat' dir='ltr'><strong>ut</strong></span> <span class='ocrx_word' id='word_1_340' title='bbox 1934 3609 2017 3690; x_wconf 77' lang='lat' dir='ltr'><strong>eos,</strong></span> <span class='ocrx_word' id='word_1_341' title='bbox 2053 3605 2144 3690; x_wconf 86' lang='lat' dir='ltr'><strong>quod</strong></span> <span class='ocrx_word' id='word_1_342' title='bbox 2169 3621 2282 3697; x_wconf 79' lang='lat' dir='ltr'><strong>quum</strong></span> <span class='ocrx_word' id='word_1_343' title='bbox 2344 3583 2355 3610; x_wconf 75' lang='grc'><em>’</em></span> 
     </span>
    </p>
   </div>
   <div class='ocr_carea' id='block_1_8' title="bbox 337 3694 2389 4037">
    <p class='ocr_par' dir='ltr' id='par_1_9' title="bbox 337 3694 2389 4030">
     <span class='ocr_line' id='line_1_27' title="bbox 337 3694 2389 3818; baseline 0.001 -35"><span class='ocrx_word' id='word_1_344' title='bbox 337 3718 400 3783; x_wconf 88' lang='lat' dir='ltr'><strong>illo</strong></span> <span class='ocrx_word' id='word_1_345' title='bbox 424 3718 502 3783; x_wconf 91' lang='lat' dir='ltr'><strong>loco</strong></span> <span class='ocrx_word' id='word_1_346' title='bbox 527 3716 739 3802; x_wconf 86' lang='lat' dir='ltr'><strong>pronominis</strong></span> <span class='ocrx_word' id='word_1_347' title='bbox 765 3716 844 3781; x_wconf 90' lang='lat' dir='ltr'><strong>vice</strong></span> <span class='ocrx_word' id='word_1_348' title='bbox 875 3694 985 3802; x_wconf 69' lang='lat' dir='ltr'><strong>iungi</strong></span> <span class='ocrx_word' id='word_1_349' title='bbox 1004 3733 1076 3779; x_wconf 90' lang='lat' dir='ltr'><strong>nou</strong></span> <span class='ocrx_word' id='word_1_350' title='bbox 1109 3715 1385 3798; x_wconf 84' lang='lat' dir='ltr'><strong>intellexissent,</strong></span> <span class='ocrx_word' id='word_1_351' title='bbox 1419 3717 1454 3780; x_wconf 92' lang='lat' dir='ltr'><strong>in</strong></span> <span class='ocrx_word' id='word_1_352' title='bbox 1485 3715 1641 3782; x_wconf 80' lang='lat' dir='ltr'><strong>clausula</strong></span> <span class='ocrx_word' id='word_1_353' title='bbox 1673 3735 1738 3781; x_wconf 82' lang='lat' dir='ltr'><strong>ver</strong></span> <span class='ocrx_word' id='word_1_354' title='bbox 1739 3733 1801 3782; x_wconf 89' lang='lat' dir='ltr'><strong>sus</strong></span> <span class='ocrx_word' id='word_1_355' title='bbox 1829 3729 1958 3809; x_wconf 80' lang='lat' dir='ltr'><strong>raeque</strong></span> <span class='ocrx_word' id='word_1_356' title='bbox 1979 3721 2069 3782; x_wconf 81' lang='lat' dir='ltr'><strong>anie</strong></span> <span class='ocrx_word' id='word_1_357' title='bbox 2101 3723 2285 3818; x_wconf 75' lang='lat' dir='ltr'><strong>perperam</strong></span> <span class='ocrx_word' id='word_1_358' title='bbox 2317 3709 2326 3714; x_wconf 67' lang='grc'><em>”</em></span> <span class='ocrx_word' id='word_1_359' title='bbox 2369 3729 2389 3816; x_wconf 22' lang='grc' dir='ltr'>ἰ</span> 
     </span>
     <span class='ocr_line' id='line_1_28' title="bbox 338 3807 2377 3942; baseline 0 -43"><span class='ocrx_word' id='word_1_360' title='bbox 338 3832 537 3912; x_wconf 80' lang='lat' dir='ltr'><strong>correxisse</strong></span> <span class='ocrx_word' id='word_1_361' title='bbox 563 3824 681 3898; x_wconf 71' lang='lat' dir='ltr'><strong>dicet?</strong></span> <span class='ocrx_word' id='word_1_362' title='bbox 732 3825 807 3895; x_wconf 89' lang='lat' dir='ltr'><strong>Sed</strong></span> <span class='ocrx_word' id='word_1_363' title='bbox 831 3826 920 3894; x_wconf 89' lang='lat' dir='ltr'><strong>haec</strong></span> <span class='ocrx_word' id='word_1_364' title='bbox 945 3825 1084 3914; x_wconf 86' lang='lat' dir='ltr'><strong>longius</strong></span> <span class='ocrx_word' id='word_1_365' title='bbox 1104 3830 1271 3915; x_wconf 83' lang='lat' dir='ltr'><strong>persequi</strong></span> <span class='ocrx_word' id='word_1_366' title='bbox 1297 3849 1318 3894; x_wconf 86' lang='lat' dir='ltr'><strong>a</strong></span> <span class='ocrx_word' id='word_1_367' title='bbox 1343 3827 1491 3896; x_wconf 89' lang='lat' dir='ltr'><strong>consilio</strong></span> <span class='ocrx_word' id='word_1_368' title='bbox 1510 3829 1618 3924; x_wconf 87' lang='lat' dir='ltr'><strong>huius</strong></span> <span class='ocrx_word' id='word_1_369' title='bbox 1644 3807 1941 3898; x_wconf 85' lang='lat' dir='ltr'><strong>commentationis</strong></span> <span class='ocrx_word' id='word_1_370' title='bbox 1967 3830 2116 3902; x_wconf 81' lang='lat' dir='ltr'><strong>alienum</strong></span> <span class='ocrx_word' id='word_1_371' title='bbox 2143 3841 2207 3910; x_wconf 83' lang='lat' dir='ltr'><strong>esi.</strong></span> <span class='ocrx_word' id='word_1_372' title='bbox 2282 3851 2285 3858; x_wconf 62' lang='lat'><strong>⁴</strong></span> <span class='ocrx_word' id='word_1_373' title='bbox 2354 3917 2377 3942; x_wconf 29' lang='grc' dir='ltr'>ἱ</span> 
     </span>
     <span class='ocr_line' id='line_1_29' title="bbox 385 3937 2282 4037; baseline 0.003 -29"><span class='ocrx_word' id='word_1_374' title='bbox 385 3968 393 3978; x_wconf 88' lang='grc'><em>·</em></span> <span class='ocrx_word' id='word_1_375' title='bbox 504 3939 582 4010; x_wconf 80' lang='lat' dir='ltr'><strong>Hoc</strong></span> <span class='ocrx_word' id='word_1_376' title='bbox 607 3950 720 4010; x_wconf 87' lang='lat' dir='ltr'><strong>cutem</strong></span> <span class='ocrx_word' id='word_1_377' title='bbox 753 3941 896 4008; x_wconf 88' lang='lat' dir='ltr'><strong>alterum</strong></span> <span class='ocrx_word' id='word_1_378' title='bbox 930 3944 1049 4009; x_wconf 85' lang='lat' dir='ltr'><strong>codiee</strong></span> <span class='ocrx_word' id='word_1_379' title='bbox 1079 3937 1287 4010; x_wconf 82' lang='lat' dir='ltr'><strong>Victoriano</strong></span> <span class='ocrx_word' id='word_1_380' title='bbox 1320 3942 1499 4037; x_wconf 86' lang='lat' dir='ltr'><strong>docemur,</strong></span> <span class='ocrx_word' id='word_1_381' title='bbox 1537 3957 1607 4010; x_wconf 87' lang='lat' dir='ltr'><strong>nnn</strong></span> <span class='ocrx_word' id='word_1_382' title='bbox 1642 3944 1802 4030; x_wconf 82' lang='lat' dir='ltr'><strong>exiguam</strong></span> <span class='ocrx_word' id='word_1_383' title='bbox 1834 3950 1999 4034; x_wconf 78' lang='lat' dir='ltr'><strong>partem</strong></span> <span class='ocrx_word' id='word_1_384' title='bbox 1999 3945 2282 4032; x_wconf 81' lang='lat' dir='ltr'><strong>coniecturarum,</strong></span> 
     </span>
    </p>
   </div>
   <div class='ocr_carea' id='block_1_9' title="bbox 168 4029 2315 4261">
    <p class='ocr_par' dir='ltr' id='par_1_10' title="bbox 168 4029 2315 4261">
     <span class='ocr_line' id='line_1_30' title="bbox 168 4029 2279 4159; baseline 0.001 -34"><span class='ocrx_word' id='word_1_385' title='bbox 168 4095 202 4144; x_wconf 78' lang='lat'><strong>·.</strong></span> <span class='ocrx_word' id='word_1_386' title='bbox 300 4029 312 4125; x_wconf 9' lang='lat' dir='ltr'><strong>,i</strong></span> <span class='ocrx_word' id='word_1_387' title='bbox 329 4078 427 4159; x_wconf 65' lang='lat' dir='ltr'><strong>pune</strong></span> <span class='ocrx_word' id='word_1_388' title='bbox 440 4055 580 4124; x_wconf 81' lang='lat' dir='ltr'><strong>Marulli</strong></span> <span class='ocrx_word' id='word_1_389' title='bbox 604 4057 664 4122; x_wconf 90' lang='lat' dir='ltr'><strong>vel</strong></span> <span class='ocrx_word' id='word_1_390' title='bbox 691 4056 779 4123; x_wconf 89' lang='lat' dir='ltr'><strong>alius</strong></span> <span class='ocrx_word' id='word_1_391' title='bbox 804 4057 982 4123; x_wconf 82' lang='lat' dir='ltr'><strong>cniusdam</strong></span> <span class='ocrx_word' id='word_1_392' title='bbox 1006 4053 1097 4124; x_wconf 82' lang='lat' dir='ltr'><strong>itali</strong></span> <span class='ocrx_word' id='word_1_393' title='bbox 1105 4055 1273 4142; x_wconf 80' lang='lat' dir='ltr'><strong>teruntur,</strong></span> <span class='ocrx_word' id='word_1_394' title='bbox 1300 4077 1347 4123; x_wconf 91' lang='lat' dir='ltr'><strong>ex</strong></span> <span class='ocrx_word' id='word_1_395' title='bbox 1375 4056 1449 4125; x_wconf 84' lang='lat' dir='ltr'><strong>ond.</strong></span> <span class='ocrx_word' id='word_1_396' title='bbox 1470 4056 1595 4148; x_wconf 86' lang='lat' dir='ltr'><strong>Poggii</strong></span> <span class='ocrx_word' id='word_1_397' title='bbox 1622 4065 1681 4126; x_wconf 84' lang='lat' dir='ltr'><strong>sut</strong></span> <span class='ocrx_word' id='word_1_398' title='bbox 1708 4077 1754 4124; x_wconf 86' lang='lat' dir='ltr'><strong>cx</strong></span> <span class='ocrx_word' id='word_1_399' title='bbox 1779 4060 1854 4126; x_wconf 88' lang='lat' dir='ltr'><strong>eius</strong></span> <span class='ocrx_word' id='word_1_400' title='bbox 1876 4041 2091 4147; x_wconf 62' lang='lat' dir='ltr'><strong>apographis</strong></span> <span class='ocrx_word' id='word_1_401' title='bbox 2123 4057 2279 4128; x_wconf 79' lang='lat' dir='ltr'><strong>duxisse.</strong></span> 
     </span>
     <span class='ocr_line' id='line_1_31' title="bbox 198 4164 2315 4261; baseline -0.002 -17"><span class='ocrx_word' id='word_1_402' title='bbox 198 4232 205 4244; x_wconf 91' lang='lat'><strong>.</strong></span> <span class='ocrx_word' id='word_1_403' title='bbox 340 4175 458 4261; x_wconf 81' lang='lat' dir='ltr'><strong>Atque</strong></span> <span class='ocrx_word' id='word_1_404' title='bbox 470 4169 656 4240; x_wconf 72' lang='lat' dir='ltr'><strong>Marullum</strong></span> <span class='ocrx_word' id='word_1_405' title='bbox 674 4191 745 4238; x_wconf 90' lang='lat' dir='ltr'><strong>non</strong></span> <span class='ocrx_word' id='word_1_406' title='bbox 769 4173 882 4244; x_wconf 87' lang='lat' dir='ltr'><strong>omnia</strong></span> <span class='ocrx_word' id='word_1_407' title='bbox 892 4164 953 4238; x_wconf 87' lang='lat' dir='ltr'><strong>ex</strong></span> <span class='ocrx_word' id='word_1_408' title='bbox 978 4173 1130 4260; x_wconf 84' lang='lat' dir='ltr'><strong>ingenio,</strong></span> <span class='ocrx_word' id='word_1_409' title='bbox 1157 4172 1222 4239; x_wconf 89' lang='lat' dir='ltr'><strong>sed</strong></span> <span class='ocrx_word' id='word_1_410' title='bbox 1246 4171 1415 4246; x_wconf 80' lang='lat' dir='ltr'><strong>nonnulla</strong></span> <span class='ocrx_word' id='word_1_411' title='bbox 1439 4193 1485 4241; x_wconf 88' lang='lat' dir='ltr'><strong>cx</strong></span> <span class='ocrx_word' id='word_1_412' title='bbox 1509 4174 1659 4240; x_wconf 83' lang='lat' dir='ltr'><strong>vetustis</strong></span> <span class='ocrx_word' id='word_1_413' title='bbox 1684 4171 1860 4240; x_wconf 75' lang='lat' dir='ltr'><strong>codicdius</strong></span> <span class='ocrx_word' id='word_1_414' title='bbox 1886 4174 2144 4259; x_wconf 87' lang='lat' dir='ltr'><strong>deprompsisse</strong></span> <span class='ocrx_word' id='word_1_415' title='bbox 2164 4171 2283 4243; x_wconf 71' lang='lat' dir='ltr'><strong>Iraclr-</strong></span> <span class='ocrx_word' id='word_1_416' title='bbox 2310 4239 2315 4250; x_wconf 88' lang='grc'>,</span> 
     </span>
    </p>
   </div>
   <div class='ocr_carea' id='block_1_10' title="bbox 338 4265 2322 4497">
    <p class='ocr_par' dir='ltr' id='par_1_11' title="bbox 338 4265 2322 4497">
     <span class='ocr_line' id='line_1_32' title="bbox 339 4265 2322 4396; baseline -0.002 -38"><span class='ocrx_word' id='word_1_417' title='bbox 339 4299 488 4358; x_wconf 73' lang='lat' dir='ltr'><strong>munus</strong></span> <span class='ocrx_word' id='word_1_418' title='bbox 511 4285 681 4355; x_wconf 89' lang='lat' dir='ltr'><strong>interdum</strong></span> <span class='ocrx_word' id='word_1_419' title='bbox 705 4265 885 4369; x_wconf 87' lang='lat' dir='ltr'><strong>divinavit,</strong></span> <span class='ocrx_word' id='word_1_420' title='bbox 910 4303 977 4353; x_wconf 91' lang='lat' dir='ltr'><strong>nec</strong></span> <span class='ocrx_word' id='word_1_421' title='bbox 1001 4296 1117 4354; x_wconf 84' lang='lat' dir='ltr'><strong>temen</strong></span> <span class='ocrx_word' id='word_1_422' title='bbox 1142 4291 1329 4375; x_wconf 85' lang='lat' dir='ltr'><strong>perspexit.</strong></span> <span class='ocrx_word' id='word_1_423' title='bbox 1367 4285 1429 4356; x_wconf 88' lang='lat' dir='ltr'><strong>Sic</strong></span> <span class='ocrx_word' id='word_1_424' title='bbox 1454 4289 1516 4355; x_wconf 91' lang='lat' dir='ltr'><strong>ille&#39;</strong></span> <span class='ocrx_word' id='word_1_425' title='bbox 1538 4285 1734 4370; x_wconf 76' lang='lat' dir='ltr'><strong>Marullum,</strong></span> <span class='ocrx_word' id='word_1_426' title='bbox 1761 4289 1817 4373; x_wconf 85' lang='lat' dir='ltr'><strong>qui</strong></span> <span class='ocrx_word' id='word_1_427' title='bbox 1843 4295 1911 4352; x_wconf 85' lang='lat' dir='ltr'><strong>tam</strong></span> <span class='ocrx_word' id='word_1_428' title='bbox 1935 4288 2106 4366; x_wconf 82' lang='lat' dir='ltr'><strong>subtiliter</strong></span> <span class='ocrx_word' id='word_1_429' title='bbox 2131 4289 2289 4395; x_wconf 26' lang='lat' dir='ltr'><strong>iudicare.</strong></span> <span class='ocrx_word' id='word_1_430' title='bbox 2305 4365 2322 4396; x_wconf 54' lang='grc'><strong>.</strong></span> 
     </span>
     <span class='ocr_line' id='line_1_33' title="bbox 338 4399 2281 4497; baseline -0.004 -23"><span class='ocrx_word' id='word_1_431' title='bbox 338 4427 412 4474; x_wconf 79' lang='lat' dir='ltr'><strong>non</strong></span> <span class='ocrx_word' id='word_1_432' title='bbox 436 4403 560 4489; x_wconf 82' lang='lat' dir='ltr'><strong>soleat,</strong></span> <span class='ocrx_word' id='word_1_433' title='bbox 585 4401 648 4486; x_wconf 93' lang='lat' dir='ltr'><strong>lll,</strong></span> <span class='ocrx_word' id='word_1_434' title='bbox 667 4401 724 4472; x_wconf 61' lang='grc'><strong>94</strong></span> <span class='ocrx_word' id='word_1_435' title='bbox 747 4420 809 4488; x_wconf 88' lang='lat' dir='ltr'><strong>pro</strong></span> <span class='ocrx_word' id='word_1_436' title='bbox 833 4420 942 4495; x_wconf 77' lang='lat' dir='ltr'><strong>quern</strong></span> <span class='ocrx_word' id='word_1_437' title='bbox 966 4423 1043 4470; x_wconf 92' lang='lat' dir='ltr'><strong>cum</strong></span> <span class='ocrx_word' id='word_1_438' title='bbox 1068 4399 1229 4473; x_wconf 70' lang='lat' dir='ltr'><strong>charisio</strong></span> <span class='ocrx_word' id='word_1_439' title='bbox 1254 4403 1315 4471; x_wconf 91' lang='lat' dir='ltr'><strong>illo</strong></span> <span class='ocrx_word' id='word_1_440' title='bbox 1347 4411 1501 4490; x_wconf 85' lang='lat' dir='ltr'><strong>tempore</strong></span> <span class='ocrx_word' id='word_1_441' title='bbox 1533 4402 1683 4469; x_wconf 88' lang='lat' dir='ltr'><strong>nondum</strong></span> <span class='ocrx_word' id='word_1_442' title='bbox 1716 4400 1752 4466; x_wconf 92' lang='lat' dir='ltr'><strong>in</strong></span> <span class='ocrx_word' id='word_1_443' title='bbox 1785 4402 1896 4467; x_wconf 89' lang='lat' dir='ltr'><strong>lucem</strong></span> <span class='ocrx_word' id='word_1_444' title='bbox 1923 4402 2056 4488; x_wconf 82' lang='lat' dir='ltr'><strong>prolato</strong></span> <span class='ocrx_word' id='word_1_445' title='bbox 2082 4405 2191 4497; x_wconf 65' lang='lat' dir='ltr'><strong>qaam</strong></span> <span class='ocrx_word' id='word_1_446' title='bbox 2217 4401 2281 4468; x_wconf 91' lang='lat' dir='ltr'><strong>de-</strong></span> 
     </span>
    </p>
   </div>
   <div class='ocr_carea' id='block_1_11' title="bbox 339 4505 2413 4622">
    <p class='ocr_par' dir='ltr' id='par_1_12' title="bbox 339 4459 2465 4628">
     <span class='ocr_line' id='line_1_34' title="bbox 339 4505 2413 4622; baseline -0.002 -34"><span class='ocrx_word' id='word_1_447' title='bbox 339 4521 437 4588; x_wconf 87' lang='lat' dir='ltr'><strong>disse</strong></span> <span class='ocrx_word' id='word_1_448' title='bbox 462 4521 617 4597; x_wconf 81' lang='lat' dir='ltr'><strong>miratur3</strong></span> <span class='ocrx_word' id='word_1_449' title='bbox 643 4517 708 4584; x_wconf 86' lang='lat' dir='ltr'><strong>sed</strong></span> <span class='ocrx_word' id='word_1_450' title='bbox 731 4517 799 4584; x_wconf 91' lang='lat' dir='ltr'><strong>boc</strong></span> <span class='ocrx_word' id='word_1_451' title='bbox 823 4519 937 4604; x_wconf 87' lang='lat' dir='ltr'><strong>ipsum</strong></span> <span class='ocrx_word' id='word_1_452' title='bbox 962 4520 998 4584; x_wconf 92' lang='lat' dir='ltr'><strong>in</strong></span> <span class='ocrx_word' id='word_1_453' title='bbox 1023 4508 1098 4585; x_wconf 81' lang='lat' dir='ltr'><strong>c&#39;od.</strong></span> <span class='ocrx_word' id='word_1_454' title='bbox 1125 4515 1172 4601; x_wconf 91' lang='lat' dir='ltr'><strong>V.</strong></span> <span class='ocrx_word' id='word_1_455' title='bbox 1199 4526 1323 4586; x_wconf 81' lang='lat' dir='ltr'><strong>exstat.</strong></span> <span class='ocrx_word' id='word_1_456' title='bbox 1374 4505 1500 4622; x_wconf 64' lang='lat' dir='ltr'><strong>lisque</strong></span> <span class='ocrx_word' id='word_1_457' title='bbox 1524 4515 1709 4586; x_wconf 76' lang='lat' dir='ltr'><strong>Marullum</strong></span> <span class='ocrx_word' id='word_1_458' title='bbox 1727 4514 1775 4601; x_wconf 96' lang='lat' dir='ltr'><strong>V,</strong></span> <span class='ocrx_word' id='word_1_459' title='bbox 1802 4515 1896 4602; x_wconf 80' lang='lat' dir='ltr'><strong>ala,</strong></span> <span class='ocrx_word' id='word_1_460' title='bbox 1937 4539 2014 4586; x_wconf 88' lang='lat' dir='ltr'><strong>cum</strong></span> <span class='ocrx_word' id='word_1_461' title='bbox 2040 4519 2282 4606; x_wconf 66' lang='lat' dir='ltr'><strong>verbosulgo</strong></span> <span class='ocrx_word' id='word_1_462' title='bbox 2409 4567 2413 4570; x_wconf 88' lang='lat'>-</span> 
     </span>
    </p>
   </div>
   <div class='ocr_carea' id='block_1_12' title="bbox 263 4624 2377 5072">
    <p class='ocr_par' dir='ltr' id='par_1_13' title="bbox 263 4624 2377 5072">
     <span class='ocr_line' id='line_1_35' title="bbox 338 4624 2377 4720; baseline -0.002 -19"><span class='ocrx_word' id='word_1_463' title='bbox 338 4635 431 4702; x_wconf 78' lang='lat' dir='ltr'><strong>falso</strong></span> <span class='ocrx_word' id='word_1_464' title='bbox 456 4633 620 4720; x_wconf 88' lang='lat' dir='ltr'><strong>distingui</strong></span> <span class='ocrx_word' id='word_1_465' title='bbox 645 4632 1027 4720; x_wconf 20' lang='lat' dir='ltr'><strong>intellexissetxtsmen</strong></span> <span class='ocrx_word' id='word_1_466' title='bbox 1044 4651 1122 4700; x_wconf 88' lang='lat' dir='ltr'><strong>non</strong></span> <span class='ocrx_word' id='word_1_467' title='bbox 1147 4626 1262 4700; x_wconf 80' lang='lat' dir='ltr'><strong>mina&#39;s</strong></span> <span class='ocrx_word' id='word_1_468' title='bbox 1287 4633 1436 4700; x_wconf 87' lang='lat' dir='ltr'><strong>absurde</strong></span> <span class='ocrx_word' id='word_1_469' title='bbox 1460 4627 1627 4700; x_wconf 78' lang='lat' dir='ltr'><strong>er&#39;rienrur</strong></span> <span class='ocrx_word' id='word_1_470' title='bbox 1651 4629 2104 4719; x_wconf 79' lang='lat' dir='ltr'><strong>scripsisselrachmannus</strong></span> <span class='ocrx_word' id='word_1_471' title='bbox 2130 4631 2282 4698; x_wconf 88' lang='lat' dir='ltr'><strong>dicturus</strong></span> <span class='ocrx_word' id='word_1_472' title='bbox 2371 4624 2377 4638; x_wconf 87' lang='lat'>&#39;</span> 
     </span>
     <span class='ocr_line' id='line_1_36' title="bbox 263 4728 2286 4837; baseline -0.001 -22"><span class='ocrx_word' id='word_1_473' title='bbox 263 4728 268 4737; x_wconf 62' lang='grc'><strong>’</strong></span> <span class='ocrx_word' id='word_1_474' title='bbox 339 4745 423 4833; x_wconf 80' lang='lat' dir='ltr'><strong>init,</strong></span> <span class='ocrx_word' id='word_1_475' title='bbox 439 4750 470 4814; x_wconf 89' lang='lat' dir='ltr'><strong>si</strong></span> <span class='ocrx_word' id='word_1_476' title='bbox 495 4747 648 4815; x_wconf 87' lang='lat' dir='ltr'><strong>codicem</strong></span> <span class='ocrx_word' id='word_1_477' title='bbox 671 4741 719 4813; x_wconf 88' lang='lat' dir='ltr'><strong>V.</strong></span> <span class='ocrx_word' id='word_1_478' title='bbox 750 4739 918 4812; x_wconf 77' lang='lat' dir='ltr'><strong>ridemur</strong></span> <span class='ocrx_word' id='word_1_479' title='bbox 941 4746 1074 4814; x_wconf 73' lang='lat' dir='ltr'><strong>babere</strong></span> <span class='ocrx_word' id='word_1_480' title='bbox 1089 4751 1343 4836; x_wconf 54' lang='lat' dir='ltr'><strong>‘cognovissem</strong></span> <span class='ocrx_word' id='word_1_481' title='bbox 1377 4767 1444 4816; x_wconf 89' lang='lat' dir='ltr'><strong>nec</strong></span> <span class='ocrx_word' id='word_1_482' title='bbox 1476 4749 1624 4834; x_wconf 80' lang='lat' dir='ltr'><strong>denique</strong></span> <span class='ocrx_word' id='word_1_483' title='bbox 1657 4749 1746 4816; x_wconf 87' lang='lat' dir='ltr'><strong>idem</strong></span> <span class='ocrx_word' id='word_1_484' title='bbox 1779 4749 1890 4818; x_wconf 87' lang='lat' dir='ltr'><strong>inutili</strong></span> <span class='ocrx_word' id='word_1_485' title='bbox 1914 4750 2131 4814; x_wconf 83' lang='lat' dir='ltr'><strong>coniecturae</strong></span> <span class='ocrx_word' id='word_1_486' title='bbox 2164 4743 2286 4837; x_wconf 82' lang='lat' dir='ltr'><strong>rigidi</strong></span> 
     </span>
     <span class='ocr_line' id='line_1_37' title="bbox 292 4846 2334 4967; baseline -0 -39"><span class='ocrx_word' id='word_1_487' title='bbox 292 4847 296 4863; x_wconf 81' lang='lat'>&#39;</span> <span class='ocrx_word' id='word_1_488' title='bbox 340 4859 405 4947; x_wconf 89' lang='lat' dir='ltr'><strong>Vl,</strong></span> <span class='ocrx_word' id='word_1_489' title='bbox 434 4861 529 4931; x_wconf 78' lang='lat' dir='ltr'><strong>itas</strong></span> <span class='ocrx_word' id='word_1_490' title='bbox 547 4861 761 4949; x_wconf 86' lang='lat' dir='ltr'><strong>praesidinm</strong></span> <span class='ocrx_word' id='word_1_491' title='bbox 786 4859 981 4952; x_wconf 72' lang='lat' dir='ltr'><strong>adierullo</strong></span> <span class='ocrx_word' id='word_1_492' title='bbox 1001 4866 1195 4955; x_wconf 81' lang='lat' dir='ltr'><strong>prnrtratr‘</strong></span> <span class='ocrx_word' id='word_1_493' title='bbox 1208 4873 1244 4932; x_wconf 90' lang='lat' dir='ltr'><strong>et</strong></span> <span class='ocrx_word' id='word_1_494' title='bbox 1259 4862 1427 4933; x_wconf 71' lang='lat' dir='ltr'><strong>lambino</strong></span> <span class='ocrx_word' id='word_1_495' title='bbox 1449 4868 1536 4959; x_wconf 83' lang='lat' dir='ltr'><strong>pasl</strong></span> <span class='ocrx_word' id='word_1_496' title='bbox 1560 4865 1676 4967; x_wconf 70' lang='lat' dir='ltr'><strong>sirati</strong></span> <span class='ocrx_word' id='word_1_497' title='bbox 1697 4863 1924 4931; x_wconf 83' lang='lat' dir='ltr'><strong>scribentibus</strong></span> <span class='ocrx_word' id='word_1_498' title='bbox 1951 4846 2118 4949; x_wconf 80' lang='lat' dir='ltr'><strong>petiissei,</strong></span> <span class='ocrx_word' id='word_1_499' title='bbox 2145 4863 2175 4929; x_wconf 90' lang='lat' dir='ltr'><strong>si</strong></span> <span class='ocrx_word' id='word_1_500' title='bbox 2201 4859 2281 4928; x_wconf 84' lang='lat' dir='ltr'><strong>illos</strong></span> <span class='ocrx_word' id='word_1_501' title='bbox 2332 4889 2334 4894; x_wconf 96' lang='lat'>·</span> 
     </span>
     <span class='ocr_line' id='line_1_38' title="bbox 337 4973 2281 5072; baseline -0.001 -27"><span class='ocrx_word' id='word_1_502' title='bbox 337 4978 436 5045; x_wconf 85' lang='lat' dir='ltr'><strong>viros</strong></span> <span class='ocrx_word' id='word_1_503' title='bbox 461 4995 532 5046; x_wconf 83' lang='lat' dir='ltr'><strong>uon</strong></span> <span class='ocrx_word' id='word_1_504' title='bbox 557 4977 689 5042; x_wconf 84' lang='lat' dir='ltr'><strong>ratione</strong></span> <span class='ocrx_word' id='word_1_505' title='bbox 714 4974 858 5062; x_wconf 81' lang='lat' dir='ltr'><strong>quadam</strong></span> <span class='ocrx_word' id='word_1_506' title='bbox 882 4977 1015 5060; x_wconf 71' lang='lat' dir='ltr'><strong>doses,</strong></span> <span class='ocrx_word' id='word_1_507' title='bbox 1041 4979 1106 5044; x_wconf 91' lang='lat' dir='ltr'><strong>sed</strong></span> <span class='ocrx_word' id='word_1_508' title='bbox 1130 4979 1229 5047; x_wconf 90' lang='lat' dir='ltr'><strong>codd.</strong></span> <span class='ocrx_word' id='word_1_509' title='bbox 1255 4999 1364 5067; x_wconf 76' lang='lat' dir='ltr'><strong>pravo</strong></span> <span class='ocrx_word' id='word_1_510' title='bbox 1390 4979 1539 5046; x_wconf 88' lang='lat' dir='ltr'><strong>lectione</strong></span> <span class='ocrx_word' id='word_1_511' title='bbox 1555 4983 1598 5026; x_wconf 84' lang='grc'><strong>-“</strong></span> <span class='ocrx_word' id='word_1_512' title='bbox 1610 4983 1828 5072; x_wconf 79' lang='lat' dir='ltr'><strong>prostratus</strong></span> <span class='ocrx_word' id='word_1_513' title='bbox 1845 4977 1940 5059; x_wconf 85' lang='lat' dir='ltr'><strong>enlm</strong></span> <span class='ocrx_word' id='word_1_514' title='bbox 1955 4976 2059 5044; x_wconf 86' lang='lat' dir='ltr'><strong>hebet</strong></span> <span class='ocrx_word' id='word_1_515' title='bbox 2077 4977 2152 5046; x_wconf 81' lang='lat' dir='ltr'><strong>cod.</strong></span> <span class='ocrx_word' id='word_1_516' title='bbox 2171 4973 2217 5060; x_wconf 81' lang='lat' dir='ltr'><strong>V.</strong></span> <span class='ocrx_word' id='word_1_517' title='bbox 2230 5007 2281 5024; x_wconf 85' lang='lat'><em>-</em></span> 
     </span>
    </p>
   </div>
   <div class='ocr_carea' id='block_1_13' title="bbox 159 5078 2281 5180">
    <p class='ocr_par' dir='ltr' id='par_1_14' title="bbox 159 5078 2281 5180">
     <span class='ocr_line' id='line_1_39' title="bbox 159 5078 2281 5180; baseline -0.003 -18"><span class='ocrx_word' id='word_1_518' title='bbox 159 5105 172 5114; x_wconf 83' lang='lat'>&#39;</span> <span class='ocrx_word' id='word_1_519' title='bbox 270 5137 277 5161; x_wconf 63' lang='grc' dir='ltr'><strong>ι</strong></span> <span class='ocrx_word' id='word_1_520' title='bbox 338 5094 505 5177; x_wconf 84' lang='lat' dir='ltr'><strong>deceptos</strong></span> <span class='ocrx_word' id='word_1_521' title='bbox 530 5107 613 5155; x_wconf 88' lang='lat' dir='ltr'><strong>csse</strong></span> <span class='ocrx_word' id='word_1_522' title='bbox 638 5098 684 5155; x_wconf 85' lang='lat' dir='ltr'><strong>ex</strong></span> <span class='ocrx_word' id='word_1_523' title='bbox 710 5078 819 5176; x_wconf 88' lang='lat' dir='ltr'><strong>ipsius</strong></span> <span class='ocrx_word' id='word_1_524' title='bbox 844 5086 1002 5158; x_wconf 69' lang='lat' dir='ltr'><strong>lambini</strong></span> <span class='ocrx_word' id='word_1_525' title='bbox 1035 5096 1278 5166; x_wconf 82' lang='lat' dir='ltr'><strong>commentario</strong></span> <span class='ocrx_word' id='word_1_526' title='bbox 1312 5095 1478 5180; x_wconf 78' lang='lat' dir='ltr'><strong>colligere</strong></span> <span class='ocrx_word' id='word_1_527' title='bbox 1511 5094 1701 5168; x_wconf 82' lang='lat' dir='ltr'><strong>maluisset.</strong></span> <span class='ocrx_word' id='word_1_528' title='bbox 1753 5083 1964 5177; x_wconf 81' lang='lat' dir='ltr'><strong>Quamquam</strong></span> <span class='ocrx_word' id='word_1_529' title='bbox 2000 5093 2199 5160; x_wconf 85' lang='lat' dir='ltr'><strong>omninoin</strong></span> <span class='ocrx_word' id='word_1_530' title='bbox 2225 5087 2281 5156; x_wconf 88' lang='lat' dir='ltr'><strong>bis</strong></span> 
     </span>
    </p>
   </div>
   <div class='ocr_carea' id='block_1_14' title="bbox 336 5199 2282 5310">
    <p class='ocr_par' dir='ltr' id='par_1_15' title="bbox 336 5199 2282 5310">
     <span class='ocr_line' id='line_1_40' title="bbox 336 5199 2282 5310; baseline -0.003 -31"><span class='ocrx_word' id='word_1_531' title='bbox 336 5207 442 5279; x_wconf 83' lang='lat' dir='ltr'><strong>rebus</strong></span> <span class='ocrx_word' id='word_1_532' title='bbox 467 5200 713 5272; x_wconf 80' lang='lat' dir='ltr'><strong>lraehntauuus</strong></span> <span class='ocrx_word' id='word_1_533' title='bbox 745 5221 817 5270; x_wconf 91' lang='lat' dir='ltr'><strong>non</strong></span> <span class='ocrx_word' id='word_1_534' title='bbox 850 5219 892 5274; x_wconf 86' lang='lat' dir='ltr'><strong>ro</strong></span> <span class='ocrx_word' id='word_1_535' title='bbox 925 5204 1102 5293; x_wconf 85' lang='lat' dir='ltr'><strong>diligentia</strong></span> <span class='ocrx_word' id='word_1_536' title='bbox 1132 5216 1297 5307; x_wconf 60' lang='lat' dir='ltr'><strong>screatus</strong></span> <span class='ocrx_word' id='word_1_537' title='bbox 1332 5216 1406 5296; x_wconf 88' lang='lat' dir='ltr'><strong>est,</strong></span> <span class='ocrx_word' id='word_1_538' title='bbox 1441 5227 1541 5295; x_wconf 87' lang='lat' dir='ltr'><strong>quam</strong></span> <span class='ocrx_word' id='word_1_539' title='bbox 1574 5210 1609 5274; x_wconf 91' lang='lat' dir='ltr'><strong>in</strong></span> <span class='ocrx_word' id='word_1_540' title='bbox 1626 5213 1708 5310; x_wconf 31' lang='lat' dir='ltr'><strong>&#39;tam</strong></span> <span class='ocrx_word' id='word_1_541' title='bbox 1740 5199 1869 5274; x_wconf 82' lang='lat' dir='ltr'><strong>severo</strong></span> <span class='ocrx_word' id='word_1_542' title='bbox 1908 5207 2096 5300; x_wconf 84' lang='lat' dir='ltr'><strong>alienorum</strong></span> <span class='ocrx_word' id='word_1_543' title='bbox 2129 5223 2282 5274; x_wconf 87' lang='lat' dir='ltr'><strong>errorum</strong></span> 
     </span>
    </p>
   </div>
   <div class='ocr_carea' id='block_1_15' title="bbox 0 0 2620 6068">
    <p class='ocr_par' dir='ltr' id='par_1_16' title="bbox 0 0 2620 6068">
     <span class='ocr_line' id='line_1_41' title="bbox 0 0 2620 6068; baseline 0 0"><span class='ocrx_word' id='word_1_544' title='bbox 0 0 2620 6068; x_wconf 95' lang='lat' dir='ltr'><strong> </strong></span> 
     </span>
    </p>
   </div>
  </div>
 </body>
</html>
